Timestamp, EventType, Ticker, Price, Quantity, Exchange, Conditions
07:12:38.577, TRADE, IBM, 155.61, 1, ARCA, 80002000
07:48:52.137, TRADE, IBM, 154.49, 200, ARCA, 20002020
07:49:41.075, TRADE, IBM, 154.50, 500, ARCA, 20002020
07:49:42.377, TRADE, IBM, 154.50, 200, ARCA, 00002000
07:49:42.571, TRADE, IBM, 154.50, 200, ARCA, 00002000
07:49:42.732, TRADE, IBM, 154.50, 200, ARCA, 00002000
07:49:42.817, TRADE, IBM, 154.50, 200, ARCA, 00002000
07:49:43.006, TRADE, IBM, 154.50, 200, ARCA, 00002000
07:49:43.188, TRADE, IBM, 154.50, 200, ARCA, 00002000
07:49:43.191, TRADE, IBM, 154.50, 200, ARCA, 00002000
07:49:43.388, TRADE, IBM, 154.50, 200, ARCA, 00002000
07:49:43.670, TRADE, IBM, 154.50, 200, ARCA, 00002000
07:49:43.836, TRADE, IBM, 154.50, 200, ARCA, 00002000
07:49:44.274, TRADE, IBM, 154.50, 200, ARCA, 00002000
07:49:45.389, TRADE, IBM, 154.50, 200, ARCA, 00002000
07:49:46.676, TRADE, IBM, 154.50, 100, ARCA, 00002000
07:49:46.698, TRADE, IBM, 154.53, 1, ARCA, a0002020
07:49:46.698, TRADE, IBM, 154.50, 99, ARCA, a0002020
07:49:46.847, TRADE, IBM, 154.50, 1, ARCA, a0002020
07:51:25.445, TRADE, IBM, 154.17, 30, ARCA, a0002020
08:00:04.413, TRADE, IBM, 154.17, 31333, FINRA, 00102002
08:06:51.328, TRADE, IBM, 154.37, 100, ARCA, 00002000
08:14:24.793, TRADE, IBM, 154.37, 50, ARCA, 80002000
08:14:24.794, TRADE, IBM, 154.36, 450, EDGX, 00002000
08:14:34.390, TRADE, IBM, 154.36, 550, EDGX, 00002000
08:30:32.876, TRADE, IBM, 154.12, 10, EDGX, 80002000
08:39:25.398, TRADE, IBM, 154.37, 10, ARCA, 80002000
08:39:25.399, TRADE, IBM, 154.40, 90, ARCA, 80002000
08:42:55.015, TRADE, IBM, 154.17, 200, ARCA, 20002020
08:42:55.015, TRADE, IBM, 154.14, 100, ARCA, 20002020
08:42:55.016, TRADE, IBM, 154.12, 100, EDGX, 20002020
08:42:55.016, TRADE, IBM, 154.12, 100, ARCA, 20002020
08:42:55.016, TRADE, IBM, 154.11, 200, EDGX, 20002020
08:42:55.016, TRADE, IBM, 154.10, 300, EDGX, 20002020
08:42:55.016, TRADE, IBM, 154.11, 1000, ARCA, 20002020
08:42:55.027, TRADE, IBM, 154.00, 500, ARCA, 20002020
08:42:55.028, TRADE, IBM, 154.16, 100, NASDAQ, 00002000
08:42:55.028, TRADE, IBM, 154.16, 100, NASDAQ, 00002000
08:42:55.038, TRADE, IBM, 154.05, 100, ARCA, 20002020
08:42:55.039, TRADE, IBM, 154.00, 100, ARCA, 20002020
08:42:55.195, TRADE, IBM, 154.00, 100, ARCA, 00002000
08:42:55.202, TRADE, IBM, 154.00, 100, EDGX, 00002000
08:42:55.203, TRADE, IBM, 154.00, 100, BATS, 00002000
08:42:55.207, TRADE, IBM, 154.00, 100, NASDAQ, 00002000
08:43:01.984, TRADE, IBM, 154.00, 100, NASDAQ, 00002000
08:43:07.249, TRADE, IBM, 154.00, 100, ARCA, 00002000
08:43:07.249, TRADE, IBM, 154.00, 100, NASDAQ, 00002000
08:43:07.758, TRADE, IBM, 154.00, 100, NASDAQ PSX, 00002000
08:43:08.567, TRADE, IBM, 154.00, 100, NASDAQ, 00002000
08:43:09.547, TRADE, IBM, 154.00, 100, NASDAQ, 00002000
08:43:14.162, TRADE, IBM, 153.96, 100, NASDAQ, 00002000
08:43:17.887, TRADE, IBM, 153.94, 400, ARCA, 00002000
08:44:03.349, TRADE, IBM, 153.94, 100, NASDAQ, 00002000
08:44:11.555, TRADE, IBM, 153.94, 300, ARCA, 00002000
08:44:14.061, TRADE, IBM, 153.94, 100, ARCA, 00002000
08:44:18.248, TRADE, IBM, 153.94, 100, ARCA, 20002020
08:44:19.301, TRADE, IBM, 153.94, 100, ARCA, 00002000
08:45:31.731, TRADE, IBM, 154.00, 100, BATS, 00002000
08:45:31.731, TRADE, IBM, 154.00, 100, BATS, 00002000
08:47:17.399, TRADE, IBM, 154.00, 100, EDGX, 20002020
08:47:17.400, TRADE, IBM, 154.00, 100, BATS, 20002020
08:48:43.974, TRADE, IBM, 154.00, 100, EDGX, 20002020
08:48:43.975, TRADE, IBM, 154.00, 100, BATS, 20002020
08:49:12.231, TRADE, IBM, 154.00, 100, NASDAQ, 20002020
08:49:43.025, TRADE, IBM, 154.00, 100, ARCA, 00002000
08:50:21.280, TRADE, IBM, 154.00, 100, BATS, 20002020
08:53:22.999, TRADE, IBM, 154.00, 90, EDGX, 80002000
09:02:22.266, TRADE, IBM, 153.87, 300, ARCA, 20002020
09:02:23.636, TRADE, IBM, 153.86, 100, ARCA, 00002000
09:03:28.749, TRADE, IBM, 153.86, 400, ARCA, 00002000
09:03:30.404, TRADE, IBM, 153.86, 21, ARCA, 80002000
09:03:33.061, TRADE, IBM, 153.87, 342, ARCA, 00002000
09:05:56.074, TRADE, IBM, 153.99, 100, ARCA, 00002000
09:05:58.962, TRADE, IBM, 154.00, 100, ARCA, 00002000
09:05:59.979, TRADE, IBM, 154.00, 100, ARCA, 00002000
09:06:01.044, TRADE, IBM, 154.00, 100, ARCA, 00002000
09:06:05.096, TRADE, IBM, 154.00, 100, NASDAQ, 00002000
09:06:06.616, TRADE, IBM, 154.00, 100, ARCA, 00002000
09:06:07.433, TRADE, IBM, 154.00, 100, ARCA, 00002000
09:06:14.223, TRADE, IBM, 154.00, 100, ARCA, 00002000
09:06:14.855, TRADE, IBM, 154.00, 100, ARCA, 00002000
09:06:29.243, TRADE, IBM, 154.00, 100, ARCA, 00002000
09:06:29.243, TRADE, IBM, 154.00, 100, ARCA, 00002000
09:06:47.533, TRADE, IBM, 154.00, 100, ARCA, 00002000
09:06:47.534, TRADE, IBM, 154.00, 100, NASDAQ, 00002000
09:07:27.624, TRADE, IBM, 154.00, 100, ARCA, 00002000
09:07:27.624, TRADE, IBM, 154.00, 100, ARCA, 00002000
09:07:30.324, TRADE, IBM, 154.00, 100, NASDAQ, 00002000
09:07:30.827, TRADE, IBM, 154.00, 100, NASDAQ, 00002000
09:07:31.758, TRADE, IBM, 154.00, 100, ARCA, 00002000
09:07:31.758, TRADE, IBM, 154.00, 700, ARCA, 00002000
09:24:02.093, TRADE, IBM, 154.00, 100, ARCA, 00002000
09:24:02.093, TRADE, IBM, 154.00, 300, ARCA, 00002000
09:24:02.094, TRADE, IBM, 154.00, 100, EDGX, 20002020
09:24:02.094, TRADE, IBM, 154.00, 100, NASDAQ, 20002020
09:24:02.094, TRADE, IBM, 154.00, 100, BATS, 20002020
09:25:01.073, TRADE, IBM, 154.00, 100, ARCA, 00002000
09:25:01.392, TRADE, IBM, 154.00, 100, ARCA, 20002020
09:25:01.392, TRADE, IBM, 154.00, 100, ARCA, 00002000
09:25:01.392, TRADE, IBM, 154.00, 100, EDGX, 00002000
09:25:01.393, TRADE, IBM, 154.00, 100, BATS, 00002000
09:25:01.393, TRADE, IBM, 154.00, 100, NASDAQ, 00002000
09:25:01.393, TRADE, IBM, 154.00, 100, ARCA, 00002000
09:25:01.393, TRADE, IBM, 154.00, 100, EDGX, 00002000
09:25:01.394, TRADE, IBM, 154.00, 100, NASDAQ, 00002000
09:25:01.395, TRADE, IBM, 154.00, 100, BATS, 00002000
09:25:01.395, TRADE, IBM, 154.00, 100, BATS, 00002000
09:25:02.065, TRADE, IBM, 154.00, 100, ARCA, 00002000
09:26:02.651, TRADE, IBM, 154.00, 100, NASDAQ, 00002000
09:26:09.877, TRADE, IBM, 154.00, 100, ARCA, 00002000
09:26:09.877, TRADE, IBM, 154.00, 200, ARCA, 00002000
09:26:18.979, TRADE, IBM, 154.00, 100, ARCA, 00002000
09:26:18.979, TRADE, IBM, 154.00, 100, NASDAQ, 00002000
09:26:19.481, TRADE, IBM, 154.00, 100, ARCA, 00002000
09:26:19.482, TRADE, IBM, 154.00, 200, ARCA, 00002000
09:26:39.316, TRADE, IBM, 154.00, 100, NASDAQ, 00002000
09:28:00.135, TRADE, IBM, 154.00, 100, ARCA, 00002000
09:28:36.867, TRADE, IBM, 154.00, 100, ARCA, 00002000
09:28:36.867, TRADE, IBM, 154.00, 100, ARCA, 00002000
09:28:36.867, TRADE, IBM, 154.00, 300, ARCA, 00002000
09:28:59.005, TRADE, IBM, 153.78, 6, BATS, a0002020
09:29:01.651, TRADE, IBM, 154.00, 100, ARCA, 00002000
09:29:01.651, TRADE, IBM, 154.00, 100, ARCA, 00002000
09:29:02.564, TRADE, IBM, 154.00, 100, ARCA, 00002000
09:29:02.564, TRADE, IBM, 154.00, 100, ARCA, 00002000
09:29:04.812, TRADE, IBM, 154.00, 100, ARCA, 00002000
09:29:04.812, TRADE, IBM, 154.00, 100, ARCA, 00002000
09:29:06.261, TRADE, IBM, 154.00, 100, ARCA, 00002000
09:29:06.261, TRADE, IBM, 154.00, 100, ARCA, 00002000
09:29:06.261, TRADE, IBM, 154.00, 300, ARCA, 00002000
09:29:13.640, TRADE, IBM, 154.00, 100, ARCA, 00002000
09:29:13.640, TRADE, IBM, 154.00, 100, ARCA, 00002000
09:29:30.033, TRADE, IBM, 154.00, 100, ARCA, 00002000
09:29:30.034, TRADE, IBM, 154.00, 100, NASDAQ, 00002000
09:29:35.021, TRADE, IBM, 154.00, 100, BATS, 00002000
09:29:35.022, TRADE, IBM, 154.00, 1000, BATS, 00002000
09:29:35.022, TRADE, IBM, 154.00, 100, EDGX, 20002020
09:29:35.022, TRADE, IBM, 154.00, 300, EDGX, 20002020
09:29:35.022, TRADE, IBM, 154.00, 100, ARCA, 20002020
09:29:35.022, TRADE, IBM, 154.00, 100, ARCA, 20002020
09:29:35.022, TRADE, IBM, 154.00, 100, ARCA, 20002020
09:29:35.022, TRADE, IBM, 154.00, 100, NASDAQ, 20002020
09:29:35.022, TRADE, IBM, 154.00, 100, NASDAQ, 20002020
09:29:36.690, TRADE, IBM, 154.00, 100, NASDAQ, 00002000
09:29:41.437, TRADE, IBM, 154.00, 100, ARCA, 00002000
09:29:41.437, TRADE, IBM, 154.00, 900, ARCA, 00002000
09:29:44.003, TRADE, IBM, 153.85, 3, ARCA, a0002020
09:29:45.042, TRADE, IBM, 154.00, 100, ARCA, 00002000
09:29:45.042, TRADE, IBM, 154.00, 100, ARCA, 00002000
09:29:45.043, TRADE, IBM, 154.00, 100, EDGX, 00002000
09:29:45.043, TRADE, IBM, 154.00, 100, BATS, 00002000
09:29:45.043, TRADE, IBM, 154.00, 100, NASDAQ, 00002000
09:29:45.043, TRADE, IBM, 154.00, 100, NASDAQ, 00002000
09:29:45.049, TRADE, IBM, 154.00, 100, NASDAQ, 20002020
09:29:45.049, TRADE, IBM, 154.00, 200, NASDAQ, 20002020
09:29:47.161, TRADE, IBM, 154.00, 100, NASDAQ, 00002000
09:29:47.291, TRADE, IBM, 153.86, 28, NASDAQ PSX, a0002020
09:29:47.324, TRADE, IBM, 153.86, 39, NASDAQ PSX, a0002020
09:29:48.887, TRADE, IBM, 154.00, 100, ARCA, 00002000
09:29:48.887, TRADE, IBM, 154.00, 100, NASDAQ, 00002000
09:29:50.179, TRADE, IBM, 154.00, 100, ARCA, 00002000
09:29:50.179, TRADE, IBM, 154.00, 100, NASDAQ, 00002000
09:29:50.986, TRADE, IBM, 153.86, 5, NASDAQ, a0002020
09:29:51.121, TRADE, IBM, 153.86, 2, NASDAQ, a0002020
09:29:53.819, TRADE, IBM, 153.86, 58, NASDAQ, a0002020
09:29:54.792, TRADE, IBM, 153.86, 21, NASDAQ, a0002020
09:29:54.853, TRADE, IBM, 154.00, 100, ARCA, 00002000
09:29:54.853, TRADE, IBM, 154.00, 32, ARCA, a0002020
09:29:54.853, TRADE, IBM, 154.00, 868, ARCA, 00002000
09:29:54.991, TRADE, IBM, 154.00, 32, ARCA, 80002000
09:29:54.992, TRADE, IBM, 154.00, 100, EDGX, 20002020
09:29:54.992, TRADE, IBM, 154.00, 68, NASDAQ, a0002020
09:29:55.893, TRADE, IBM, 154.00, 100, ARCA, 00002000
09:29:55.893, TRADE, IBM, 154.00, 100, ARCA, 00002000
09:30:00.015, TRADE, IBM, 153.93, 50, NASDAQ, 80002000
09:30:00.056, TRADE, IBM, 154.00, 100, ARCA, 04000000
09:30:00.056, TRADE NB, IBM, 154.00, 100, ARCA, 20000040
09:30:00.056, TRADE NB, IBM, 154.00, 1100, ARCA, 00000001
09:30:00.057, TRADE, IBM, 154.00, 97, ARCA, 80000000
09:30:00.057, TRADE, IBM, 154.00, 97, BATS, 80000000
09:30:00.059, TRADE NB, IBM, 154.00, 100, ARCA, 00000001
09:30:00.059, TRADE NB, IBM, 154.00, 300, ARCA, 00000001
09:30:00.102, TRADE NB, IBM, 154.00, 100, ARCA, 20000020
09:30:00.102, TRADE, IBM, 154.00, 100, NASDAQ, 20002020
09:30:00.102, TRADE NB, IBM, 154.00, 100, EDGX, 20000020
09:30:00.102, TRADE, IBM, 154.00, 180, NASDAQ, 20002020
09:30:00.102, TRADE, IBM, 154.00, 520, NASDAQ, 20002020
09:30:00.140, TRADE, IBM, 154.00, 97, NASDAQ, 80002000
09:30:00.204, TRADE NB, IBM, 154.00, 100, BATS, 00000001
09:30:00.204, TRADE NB, IBM, 154.00, 200, BATS, 00000001
09:30:00.204, TRADE, IBM, 154.00, 3, NASDAQ, 80002000
09:30:00.205, TRADE, IBM, 154.00, 97, NASDAQ, 80002000
09:30:00.206, TRADE, IBM, 154.00, 3, ARCA, 80000000
09:30:00.225, TRADE NB, IBM, 154.00, 100, BATS, 00000001
09:30:00.265, TRADE NB, IBM, 154.00, 100, BATS, 00000001
09:30:00.266, TRADE NB, IBM, 154.00, 1400, BATS, 00000001
09:30:00.271, TRADE, IBM, 154.00, 100, NASDAQ, 20002020
09:30:00.271, TRADE, IBM, 154.00, 200, NASDAQ, 20002020
09:30:00.382, TRADE NB, IBM, 154.00, 100, BATS, 00000001
09:30:00.388, TRADE, IBM, 154.00, 100, NASDAQ, 00002000
09:30:00.516, TRADE NB, IBM, 154.00, 100, ARCA, 20000020
09:30:00.517, TRADE NB, IBM, 154.00, 100, EDGX, 20000020
09:30:00.517, TRADE, IBM, 154.00, 29, BATS, 80000000
09:30:00.523, TRADE, IBM, 154.00, 100, NASDAQ, 20002020
09:30:00.529, TRADE NB, IBM, 154.00, 100, BATS, 00000001
09:30:00.529, TRADE NB, IBM, 154.00, 100, BATS, 00000001
09:30:00.657, TRADE NB, IBM, 154.00, 100, ARCA, 00000001
09:30:00.657, TRADE NB, IBM, 154.00, 100, ARCA, 00000001
09:30:00.657, TRADE NB, IBM, 154.00, 100, ARCA, 00000001
09:30:00.657, TRADE NB, IBM, 154.00, 100, ARCA, 00000001
09:30:00.657, TRADE NB, IBM, 154.00, 100, ARCA, 00000001
09:30:00.657, TRADE NB, IBM, 154.00, 100, ARCA, 00000001
09:30:00.846, TRADE NB, IBM, 154.00, 100, NASDAQ, 00000001
09:30:00.846, TRADE, IBM, 154.00, 100, NASDAQ, 04000000
09:30:02.314, TRADE NB, IBM, 154.00, 100, BATS, 00000001
09:30:03.375, TRADE, IBM, 154.00, 54, ARCA, 80000000
09:30:03.375, TRADE NB, IBM, 154.00, 100, ARCA, 00000001
09:30:03.376, TRADE NB, IBM, 154.00, 100, ARCA, 00000001
09:30:03.376, TRADE NB, IBM, 154.00, 100, ARCA, 00000001
09:30:03.376, TRADE, IBM, 154.00, 46, ARCA, 80000000
09:30:03.376, TRADE NB, IBM, 154.00, 100, ARCA, 00000001
09:30:03.376, TRADE NB, IBM, 154.00, 100, ARCA, 00000001
09:30:03.376, TRADE NB, IBM, 154.00, 100, ARCA, 00000001
09:30:03.376, TRADE NB, IBM, 154.00, 100, BATS, 00000001
09:30:03.376, TRADE NB, IBM, 154.00, 100, NASDAQ, 00000001
09:30:03.380, TRADE NB, IBM, 154.14, 88138, NYSE, 00000040
09:30:03.380, TRADE, IBM, 154.00, 6, ARCA, a0000020
09:30:03.381, TRADE, IBM, 154.00, 6, ARCA, a0000020
09:30:03.381, TRADE, IBM, 154.00, 13, ARCA, a0000020
09:30:03.381, TRADE, IBM, 154.00, 50, ARCA, a0000020
09:30:03.381, TRADE NB, IBM, 154.00, 100, EDGX, 00000001
09:30:03.381, TRADE NB, IBM, 154.00, 100, NASDAQ, 20000020
09:30:03.381, TRADE NB, IBM, 154.00, 150, EDGX, 00000001
09:30:03.381, TRADE, IBM, 154.00, 12, EDGX, 80000000
09:30:03.381, TRADE, IBM, 154.00, 75, NASDAQ, a0000020
09:30:03.382, TRADE, IBM, 154.00, 25, ARCA, a0000020
09:30:03.385, TRADE, IBM, 154.00, 51, EDGX, 80000000
09:30:03.386, TRADE, IBM, 154.00, 25, NASDAQ, 80000000
09:30:03.386, TRADE, IBM, 154.00, 7, NASDAQ, 80000000
09:30:03.388, TRADE, IBM, 154.00, 93, NASDAQ, 80000000
09:30:03.388, TRADE, IBM, 154.00, 32, NASDAQ, 80000000
09:30:03.392, TRADE, IBM, 153.96, 90, FINRA, 80000000
09:30:03.413, TRADE, IBM, 154.00, 44, NASDAQ, 80000000
09:30:03.421, TRADE, IBM, 154.00, 13, ARCA, 80000000
09:30:03.422, TRADE, IBM, 154.00, 24, NASDAQ, a0000020
09:30:03.422, TRADE, IBM, 154.00, 76, NASDAQ, a0000020
09:30:03.424, TRADE, IBM, 154.00, 24, NASDAQ, 80000000
09:30:03.424, TRADE, IBM, 154.00, 46, NASDAQ, 80000000
09:30:03.926, TRADE NB, IBM, 153.92, 200, NYSE, 00000001
09:30:03.928, TRADE, IBM, 153.92, 27, ARCA, a0000020
09:30:03.928, TRADE NB, IBM, 153.92, 100, NASDAQ, 00000001
09:30:03.929, TRADE NB, IBM, 153.92, 100, NASDAQ, 00000001
09:30:03.930, TRADE, IBM, 153.96, 10, FINRA, 80000000
09:30:04.096, TRADE NB, IBM, 153.90, 100, ARCA, 00000001
09:30:04.097, TRADE, IBM, 153.92, 10, NASDAQ, a0000020
09:30:04.098, TRADE NB, IBM, 153.90, 100, NASDAQ, 00000001
09:30:04.098, TRADE NB, IBM, 153.87, 100, EDGX, 00000001
09:30:04.332, TRADE, IBM, 154.14, 71, FINRA, a0000200
09:30:04.336, TRADE, IBM, 154.14, 50, FINRA, a0000200
09:30:04.347, TRADE, IBM, 154.14, 79, FINRA, a0000200
09:30:04.358, TRADE, IBM, 154.14, 1, FINRA, a0000200
09:30:04.365, TRADE, IBM, 154.14, 45, FINRA, a0000200
09:30:04.374, TRADE, IBM, 154.14, 2, FINRA, a0000200
09:30:04.389, TRADE, IBM, 154.14, 3, FINRA, a0000200
09:30:04.401, TRADE, IBM, 154.14, 12, FINRA, a0000200
09:30:04.411, TRADE, IBM, 154.14, 10, FINRA, a0000200
09:30:04.422, TRADE, IBM, 154.14, 10, FINRA, a0000200
09:30:04.426, TRADE, IBM, 154.14, 55, FINRA, a0000200
09:30:04.430, TRADE, IBM, 154.14, 43, FINRA, a0000200
09:30:04.467, TRADE NB, IBM, 153.87, 100, NYSE, 00000001
09:30:05.306, TRADE NB, IBM, 153.91, 100, ARCA, 00000001
09:30:05.307, TRADE NB, IBM, 153.92, 100, EDGA, 00000001
09:30:05.308, TRADE NB, IBM, 153.92, 100, NYSE, 00000001
09:30:05.313, TRADE NB, IBM, 153.91, 100, ARCA, 20000020
09:30:05.320, TRADE, IBM, 153.92, 20, FINRA, 80000000
09:30:05.358, TRADE NB, IBM, 153.92, 182, BATS Y, 20000020
09:30:05.501, TRADE, IBM, 153.95, 24, ARCA, a0000020
09:30:05.501, TRADE, IBM, 153.92, 18, BATS Y, 80000000
09:30:05.501, TRADE, IBM, 153.91, 82, BATS Y, 80000000
09:30:05.725, TRADE, IBM, 154.14, 10, FINRA, a0000200
09:30:05.725, TRADE, IBM, 154.14, 150, FINRA, 20000200
09:30:05.726, TRADE, IBM, 154.14, 30, FINRA, a0000200
09:30:05.727, TRADE, IBM, 154.14, 4, FINRA, a0000200
09:30:05.727, TRADE, IBM, 154.14, 12, FINRA, a0000200
09:30:05.727, TRADE, IBM, 154.14, 279, FINRA, 20000200
09:30:05.727, TRADE, IBM, 154.14, 50, FINRA, a0000200
09:30:05.730, TRADE, IBM, 154.14, 10, FINRA, a0000200
09:30:05.730, TRADE, IBM, 154.14, 35, FINRA, a0000200
09:30:05.732, TRADE, IBM, 154.14, 38, FINRA, a0000200
09:30:05.733, TRADE, IBM, 154.14, 2, FINRA, a0000200
09:30:05.733, TRADE, IBM, 154.14, 1, FINRA, a0000200
09:30:05.733, TRADE, IBM, 154.14, 1, FINRA, a0000200
09:30:05.734, TRADE, IBM, 154.14, 5, FINRA, a0000200
09:30:05.737, TRADE, IBM, 154.14, 100, FINRA, 20000200
09:30:05.739, TRADE, IBM, 154.14, 20, FINRA, a0000200
09:30:05.740, TRADE, IBM, 154.14, 10, FINRA, a0000200
09:30:05.750, TRADE, IBM, 154.14, 1, FINRA, a0000200
09:30:05.750, TRADE, IBM, 154.14, 100, FINRA, 20000200
09:30:05.759, TRADE, IBM, 154.14, 70, FINRA, a0000200
09:30:05.759, TRADE, IBM, 154.14, 1, FINRA, a0000200
09:30:05.759, TRADE, IBM, 154.14, 75, FINRA, a0000200
09:30:05.833, TRADE NB, IBM, 153.91, 100, NYSE, 00000001
09:30:05.834, TRADE NB, IBM, 153.91, 200, NYSE, 00000001
09:30:05.837, TRADE NB, IBM, 153.91, 100, BATS, 00000001
09:30:05.841, TRADE NB, IBM, 153.91, 300, FINRA, 00000001
09:30:05.845, TRADE NB, IBM, 153.91, 200, FINRA, 00000001
09:30:06.037, TRADE NB, IBM, 153.91, 100, BATS Y, 00000001
09:30:06.038, TRADE, IBM, 153.91, 18, BATS Y, a0000020
09:30:06.045, TRADE NB, IBM, 153.91, 100, FINRA, 00000001
09:30:06.049, TRADE NB, IBM, 153.91, 100, FINRA, 00000001
09:30:08.092, TRADE, IBM, 154.00, 50, FINRA, 80000000
09:30:09.890, TRADE, IBM, 153.98, 1, BATS Y, a0000020
09:30:10.351, TRADE, IBM, 153.82, 1, NYSE, a0000020
09:30:10.351, TRADE, IBM, 153.82, 99, BATS Y, a0000020
09:30:11.785, TRADE NB, IBM, 153.90, 100, NYSE, 20000020
09:30:12.469, TRADE, IBM, 153.80, 7, FINRA, 80000000
09:30:14.579, TRADE, IBM, 154.14, 168, FINRA, 20000200
09:30:14.802, TRADE, IBM, 153.98, 10, NASDAQ, a0000020
09:30:14.802, TRADE, IBM, 153.98, 30, NASDAQ, a0000020
09:30:14.803, TRADE, IBM, 153.99, 20, NASDAQ, a0000020
09:30:14.889, TRADE NB, IBM, 153.91, 100, NYSE, 00000001
09:30:15.007, TRADE NB, IBM, 153.81, 1400, FINRA, 00000001
09:30:15.008, TRADE NB, IBM, 153.81, 200, FINRA, 00000001
09:30:15.029, TRADE NB, IBM, 153.82, 600, FINRA, 00000001
09:30:15.045, TRADE NB, IBM, 153.81, 200, FINRA, 00000001
09:30:15.063, TRADE NB, IBM, 153.82, 100, FINRA, 00000001
09:30:15.510, TRADE, IBM, 153.97, 1, BATS Y, a0000020
09:30:17.700, TRADE NB, IBM, 154.00, 100, FINRA, 20000020
09:30:20.010, TRADE NB, IBM, 153.98, 100, ARCA, 00000001
09:30:20.011, TRADE NB, IBM, 153.98, 100, NYSE, 00000001
09:30:20.011, TRADE NB, IBM, 153.98, 100, NASDAQ BX, 00000001
09:30:20.907, TRADE NB, IBM, 153.94, 900, FINRA, 00000001
09:30:22.127, TRADE NB, IBM, 153.99, 100, NYSE, 00000001
09:30:22.127, TRADE NB, IBM, 153.98, 100, NASDAQ BX, 00000001
09:30:22.127, TRADE NB, IBM, 153.98, 100, NASDAQ, 00000001
09:30:22.127, TRADE NB, IBM, 153.98, 100, EDGX, 00000001
09:30:22.128, TRADE NB, IBM, 153.98, 100, ARCA, 00000001
09:30:22.130, TRADE NB, IBM, 153.99, 100, BATS, 00000001
09:30:22.131, TRADE NB, IBM, 153.98, 100, BATS Y, 20000020
09:30:22.133, TRADE, IBM, 153.98, 82, NASDAQ, 80000000
09:30:22.133, TRADE, IBM, 153.99, 18, NASDAQ, 80000000
09:30:22.136, TRADE NB, IBM, 153.99, 100, ARCA, 00000001
09:30:22.136, TRADE NB, IBM, 153.99, 100, NYSE, 00000001
09:30:22.182, TRADE NB, IBM, 153.97, 100, EDGX, 00000001
09:30:22.218, TRADE NB, IBM, 153.99, 100, BATS, 00000001
09:30:22.219, TRADE NB, IBM, 153.97, 100, EDGX, 00000001
09:30:23.486, TRADE NB, IBM, 154.00, 100, BATS, 00000001
09:30:23.488, TRADE NB, IBM, 154.00, 100, NYSE, 00000001
09:30:23.489, TRADE NB, IBM, 153.99, 100, EDGX, 00000001
09:30:23.511, TRADE NB, IBM, 154.00, 100, NYSE, 00000001
09:30:25.145, TRADE NB, IBM, 153.99, 100, FINRA, 20000020
09:30:29.831, TRADE NB, IBM, 153.99, 100, FINRA, 20000020
09:30:29.835, TRADE NB, IBM, 153.90, 100, FINRA, 00000001
09:30:29.835, TRADE, IBM, 153.81, 37, FINRA, 80000000
09:30:32.411, TRADE NB, IBM, 154.00, 100, BATS, 20000020
09:30:32.411, TRADE NB, IBM, 154.00, 100, EDGX, 20000020
09:30:32.411, TRADE NB, IBM, 154.00, 100, BATS, 20000020
09:30:32.411, TRADE NB, IBM, 154.00, 200, NYSE, 20000020
09:30:32.412, TRADE NB, IBM, 154.00, 100, ARCA, 20000020
09:30:32.412, TRADE, IBM, 153.99, 35, NASDAQ, a0000020
09:30:32.412, TRADE NB, IBM, 154.00, 100, ARCA, 20000020
09:30:33.185, TRADE NB, IBM, 154.00, 100, NYSE, 00000001
09:30:33.186, TRADE, IBM, 154.00, 50, NYSE, 80000000
09:30:35.181, TRADE NB, IBM, 153.94, 441, FINRA, 00000001
09:30:35.184, TRADE, IBM, 153.94, 59, FINRA, 80000000
09:30:35.341, TRADE NB, IBM, 153.86, 100, NASDAQ, 20000020
09:30:35.383, TRADE NB, IBM, 153.85, 100, EDGA, 20000020
09:30:35.383, TRADE NB, IBM, 153.86, 100, EDGX, 20000020
09:30:35.383, TRADE, IBM, 153.85, 10, NASDAQ, a0000020
09:30:35.384, TRADE, IBM, 153.85, 90, NASDAQ, a0000020
09:30:35.384, TRADE NB, IBM, 153.85, 100, BATS, 20000020
09:30:35.385, TRADE NB, IBM, 153.93, 100, FINRA, 00000001
09:30:35.393, TRADE NB, IBM, 153.85, 100, FINRA, 00000001
09:30:35.439, TRADE NB, IBM, 153.85, 100, FINRA, 00000001
09:30:35.762, TRADE NB, IBM, 153.93, 100, FINRA, 00000001
09:30:36.659, TRADE NB, IBM, 153.86, 100, EDGX, 00000001
09:30:36.659, TRADE NB, IBM, 153.85, 100, EDGX, 00000001
09:30:36.662, TRADE NB, IBM, 153.85, 100, EDGX, 00000001
09:30:36.663, TRADE NB, IBM, 153.85, 100, NASDAQ, 00000001
09:30:36.664, TRADE NB, IBM, 153.85, 100, ARCA, 00000001
09:30:36.665, TRADE NB, IBM, 153.84, 100, NASDAQ, 00000001
09:30:36.665, TRADE NB, IBM, 153.84, 100, ARCA, 00000001
09:30:36.666, TRADE NB, IBM, 153.85, 100, FINRA, 20000020
09:30:36.667, TRADE NB, IBM, 153.92, 100, FINRA, 00000001
09:30:36.700, TRADE NB, IBM, 153.85, 100, NASDAQ, 00000001
09:30:37.632, TRADE NB, IBM, 153.85, 100, EDGA, 00000001
09:30:38.615, TRADE, IBM, 153.84, 300, FINRA, 20000004
09:30:38.804, TRADE NB, IBM, 153.92, 100, NASDAQ, 20000020
09:30:38.805, TRADE NB, IBM, 153.85, 100, EDGX, 00000001
09:30:38.806, TRADE, IBM, 153.81, 1, NYSE, a0000020
09:30:38.806, TRADE NB, IBM, 153.80, 1188, NYSE, 20000020
09:30:38.806, TRADE, IBM, 153.78, 11, NYSE, a0000020
09:30:38.806, TRADE NB, IBM, 153.85, 100, EDGA, 00000001
09:30:38.807, TRADE NB, IBM, 153.85, 100, NASDAQ, 20000020
09:30:38.808, TRADE NB, IBM, 153.84, 100, EDGA, 20000020
09:30:38.809, TRADE, IBM, 153.84, 10, EDGX, a0000020
09:30:38.809, TRADE NB, IBM, 153.84, 100, EDGX, 20000020
09:30:38.809, TRADE NB, IBM, 153.84, 100, NASDAQ, 20000020
09:30:38.812, TRADE, IBM, 153.84, 90, FINRA, a0000020
09:30:38.815, TRADE NB, IBM, 153.84, 100, FINRA, 00000001
09:30:38.828, TRADE NB, IBM, 153.80, 100, NASDAQ, 20000020
09:30:38.832, TRADE NB, IBM, 153.81, 100, NASDAQ, 20000020
09:30:38.848, TRADE, IBM, 153.84, 10, FINRA, a0000020
09:30:38.871, TRADE, IBM, 153.84, 90, FINRA, a0000020
09:30:39.188, TRADE NB, IBM, 153.80, 100, NASDAQ, 20000020
09:30:39.326, TRADE NB, IBM, 153.80, 100, NASDAQ, 20000020
09:30:39.521, TRADE NB, IBM, 153.90, 100, NASDAQ BX, 20000020
09:30:40.293, TRADE, IBM, 153.80, 48, FINRA, 80000000
09:30:41.359, TRADE NB, IBM, 153.80, 100, BATS, 00000001
09:30:41.447, TRADE NB, IBM, 153.80, 100, NASDAQ, 20000020
09:30:41.523, TRADE, IBM, 153.80, 10, NASDAQ, a0000020
09:30:41.525, TRADE, IBM, 153.79, 11, ARCA, a0000020
09:30:41.525, TRADE, IBM, 153.79, 89, ARCA, 80000000
09:30:41.527, TRADE NB, IBM, 153.80, 100, FINRA, 20000020
09:30:41.567, TRADE NB, IBM, 153.85, 100, FINRA, 20000020
09:30:41.592, TRADE, IBM, 153.85, 37, FINRA, a0000020
09:30:41.615, TRADE, IBM, 153.85, 38, FINRA, a0000020
09:30:41.884, TRADE NB, IBM, 153.85, 100, FINRA, 20000020
09:30:41.913, TRADE NB, IBM, 153.85, 100, FINRA, 20000020
09:30:42.396, TRADE NB, IBM, 153.85, 100, FINRA, 20000020
09:30:44.031, TRADE NB, IBM, 153.86, 100, ARCA, 00000001
09:30:44.031, TRADE NB, IBM, 153.86, 100, ARCA, 00000001
09:30:44.036, TRADE NB, IBM, 153.85, 100, FINRA, 20000020
09:30:44.037, TRADE NB, IBM, 153.85, 100, FINRA, 20000020
09:30:44.039, TRADE NB, IBM, 153.85, 100, FINRA, 20000020
09:30:44.084, TRADE NB, IBM, 153.86, 100, ARCA, 00000001
09:30:44.349, TRADE NB, IBM, 153.87, 100, ARCA, 00000001
09:30:45.434, TRADE NB, IBM, 153.90, 100, ARCA, 00000001
09:30:46.774, TRADE NB, IBM, 153.91, 100, FINRA, 00000001
09:30:48.196, TRADE NB, IBM, 153.91, 100, NASDAQ, 00000001
09:30:48.196, TRADE NB, IBM, 153.92, 100, NYSE, 20000020
09:30:49.662, TRADE NB, IBM, 153.85, 100, EDGA, 20000020
09:30:50.359, TRADE NB, IBM, 153.85, 110, NYSE, 00000001
09:30:50.423, TRADE, IBM, 153.92, 20, FINRA, 80000000
09:30:50.672, TRADE NB, IBM, 153.85, 100, ARCA, 00000001
09:30:51.427, TRADE, IBM, 153.90, 85, ARCA, 80000000
09:30:51.427, TRADE NB, IBM, 153.92, 100, NYSE, 00000001
09:30:51.427, TRADE NB, IBM, 153.90, 100, NASDAQ, 00000001
09:30:51.427, TRADE NB, IBM, 153.92, 100, NASDAQ, 00000001
09:30:52.540, TRADE NB, IBM, 153.92, 100, NASDAQ, 00000001
09:30:52.540, TRADE NB, IBM, 153.93, 100, NASDAQ, 00000001
09:30:53.123, TRADE NB, IBM, 153.91, 100, FINRA, 00000001
09:30:53.355, TRADE NB, IBM, 153.91, 100, ARCA, 00000001
09:30:53.356, TRADE NB, IBM, 153.93, 100, NASDAQ, 20000020
09:30:53.423, TRADE, IBM, 153.85, 60, FINRA, 80000000
09:30:53.690, TRADE NB, IBM, 153.91, 100, FINRA, 00000001
09:30:54.483, TRADE, IBM, 153.86, 87, NASDAQ, 80000000
09:30:54.483, TRADE, IBM, 153.86, 13, NASDAQ, 80000000
09:30:57.217, TRADE NB, IBM, 153.85, 100, NASDAQ, 00000001
09:30:57.217, TRADE NB, IBM, 153.85, 200, NASDAQ, 00000001
09:30:57.222, TRADE NB, IBM, 153.85, 100, NASDAQ, 00000001
09:30:57.226, TRADE, IBM, 153.85, 10, ARCA, 80000000
09:30:57.234, TRADE NB, IBM, 153.85, 300, NASDAQ, 20000020
09:30:57.239, TRADE NB, IBM, 153.85, 100, FINRA, 20000020
09:30:57.255, TRADE NB, IBM, 153.85, 125, FINRA, 20000020
09:30:57.477, TRADE NB, IBM, 153.85, 100, BATS, 00000001
09:31:01.368, TRADE, IBM, 153.88, 1, ARCA, 80000000
09:31:01.368, TRADE, IBM, 153.88, 99, ARCA, 80000000
09:31:01.627, TRADE, IBM, 153.93, 1, NASDAQ BX, 80000000
09:31:02.520, TRADE, IBM, 153.86, 41, FINRA, 80000000
09:31:02.713, TRADE NB, IBM, 153.94, 100, NYSE, 20000020
09:31:02.713, TRADE, IBM, 153.93, 39, ARCA, a0000020
09:31:02.713, TRADE NB, IBM, 153.93, 100, NASDAQ, 20000020
09:31:02.713, TRADE NB, IBM, 153.93, 100, NASDAQ, 20000020
09:31:02.713, TRADE, IBM, 153.93, 61, ARCA, a0000020
09:31:02.714, TRADE, IBM, 153.94, 39, ARCA, a0000020
09:31:02.714, TRADE, IBM, 153.93, 82, BATS, 80000000
09:31:02.714, TRADE NB, IBM, 153.94, 100, NASDAQ, 00000001
09:31:02.714, TRADE NB, IBM, 153.94, 100, ARCA, 20000020
09:31:02.714, TRADE, IBM, 153.94, 82, BATS, a0000020
09:31:02.714, TRADE NB, IBM, 153.94, 100, NASDAQ, 00000001
09:31:02.714, TRADE, IBM, 153.94, 18, BATS, a0000020
09:31:02.714, TRADE NB, IBM, 153.94, 100, NASDAQ, 20000020
09:31:03.548, TRADE NB, IBM, 153.95, 2700, FINRA, 00000001
09:31:05.180, TRADE NB, IBM, 153.95, 100, ARCA, 20000020
09:31:05.180, TRADE NB, IBM, 153.95, 100, NYSE, 20000020
09:31:05.180, TRADE NB, IBM, 153.95, 136, EDGX, 20000020
09:31:05.181, TRADE NB, IBM, 153.95, 100, BATS, 00000001
09:31:05.181, TRADE NB, IBM, 153.95, 100, NASDAQ, 00000001
09:31:05.181, TRADE NB, IBM, 153.95, 100, NASDAQ, 20000020
09:31:05.181, TRADE NB, IBM, 153.95, 100, NASDAQ, 20000020
09:31:05.181, TRADE NB, IBM, 153.95, 100, NASDAQ, 00000001
09:31:05.181, TRADE NB, IBM, 153.95, 100, NASDAQ, 20000020
09:31:06.154, TRADE NB, IBM, 153.86, 166, FINRA, 00000001
09:31:06.330, TRADE NB, IBM, 153.91, 100, NASDAQ, 00000001
09:31:06.330, TRADE NB, IBM, 153.91, 100, BATS, 00000001
09:31:06.330, TRADE NB, IBM, 153.88, 100, BATS, 00000001
09:31:06.330, TRADE NB, IBM, 153.88, 100, NASDAQ, 00000001
09:31:06.330, TRADE NB, IBM, 153.86, 100, NASDAQ, 00000001
09:31:10.036, TRADE NB, IBM, 153.91, 2000, FINRA, 00000001
09:31:12.448, TRADE NB, IBM, 153.92, 200, ARCA, 00000001
09:31:12.449, TRADE NB, IBM, 153.92, 200, ARCA, 20000020
09:31:12.939, TRADE NB, IBM, 153.92, 100, NASDAQ, 00000001
09:31:12.939, TRADE NB, IBM, 153.92, 200, ARCA, 00000001
09:31:13.220, TRADE NB, IBM, 153.92, 100, ARCA, 00000001
09:31:13.220, TRADE NB, IBM, 153.92, 200, NYSE, 00000001
09:31:17.925, TRADE NB, IBM, 153.93, 100, ARCA, 00000001
09:31:17.925, TRADE NB, IBM, 153.93, 100, ARCA, 20000020
09:31:18.383, TRADE, IBM, 153.94, 1, NASDAQ, a0000020
09:31:19.598, TRADE NB, IBM, 153.91, 100, EDGX, 20000020
09:31:19.599, TRADE NB, IBM, 153.93, 100, BATS, 20000020
09:31:19.599, TRADE NB, IBM, 153.93, 100, NASDAQ, 20000020
09:31:19.600, TRADE NB, IBM, 153.93, 100, FINRA, 00000001
09:31:20.732, TRADE NB, IBM, 153.95, 100, ARCA, 20000020
09:31:20.732, TRADE NB, IBM, 153.95, 100, BATS, 00000001
09:31:20.732, TRADE NB, IBM, 153.93, 100, NASDAQ, 20000020
09:31:20.732, TRADE NB, IBM, 153.95, 100, BATS, 00000001
09:31:20.732, TRADE, IBM, 153.93, 68, NASDAQ, 80000000
09:31:20.732, TRADE NB, IBM, 153.95, 100, BATS, 00000001
09:31:20.733, TRADE, IBM, 153.95, 68, BATS, 80000000
09:31:20.734, TRADE NB, IBM, 153.96, 100, NASDAQ, 00000001
09:31:20.747, TRADE NB, IBM, 153.96, 100, NYSE, 00000001
09:31:20.752, TRADE NB, IBM, 153.97, 100, NASDAQ, 00000001
09:31:20.756, TRADE NB, IBM, 153.98, 100, NASDAQ, 00000001
09:31:20.756, TRADE NB, IBM, 153.98, 100, NASDAQ, 00000001
09:31:21.136, TRADE NB, IBM, 153.99, 100, NYSE, 20000020
09:31:21.137, TRADE NB, IBM, 153.99, 100, NASDAQ, 20000020
09:31:21.137, TRADE NB, IBM, 154.00, 100, NYSE, 20000020
09:31:21.137, TRADE NB, IBM, 154.00, 100, EDGX, 20000020
09:31:21.137, TRADE NB, IBM, 154.00, 100, BATS, 00000001
09:31:21.137, TRADE NB, IBM, 154.00, 100, NYSE, 20000020
09:31:21.137, TRADE NB, IBM, 154.00, 100, ARCA, 20000020
09:31:21.137, TRADE NB, IBM, 154.00, 100, BATS, 20000020
09:31:21.137, TRADE NB, IBM, 154.00, 100, EDGX, 20000020
09:31:21.138, TRADE NB, IBM, 154.00, 100, ARCA, 20000020
09:31:21.138, TRADE NB, IBM, 154.00, 100, NYSE, 20000020
09:31:21.138, TRADE NB, IBM, 154.00, 100, EDGX, 20000020
09:31:21.138, TRADE, IBM, 154.00, 54, NASDAQ, a0000020
09:31:21.138, TRADE NB, IBM, 154.00, 100, BATS, 20000020
09:31:21.138, TRADE, IBM, 154.00, 46, NASDAQ, a0000020
09:31:21.138, TRADE NB, IBM, 154.00, 100, EDGX, 20000020
09:31:21.138, TRADE, IBM, 154.00, 54, NASDAQ, a0000020
09:31:21.138, TRADE, IBM, 154.00, 46, NASDAQ, a0000020
09:31:21.138, TRADE NB, IBM, 154.00, 100, NYSE, 20000020
09:31:21.138, TRADE, IBM, 154.00, 54, NASDAQ, a0000020
09:31:21.138, TRADE, IBM, 153.99, 20, ARCA, 80000000
09:31:21.138, TRADE NB, IBM, 154.00, 100, EDGX, 00000001
09:31:21.138, TRADE, IBM, 154.00, 54, NASDAQ, a0000020
09:31:21.138, TRADE, IBM, 153.99, 20, ARCA, 80000000
09:31:21.138, TRADE, IBM, 154.00, 46, NASDAQ, a0000020
09:31:21.436, TRADE NB, IBM, 154.00, 100, NYSE, 20000020
09:31:21.850, TRADE NB, IBM, 154.00, 100, NYSE, 20000020
09:31:21.852, TRADE NB, IBM, 154.00, 100, NASDAQ, 20000020
09:31:21.852, TRADE NB, IBM, 153.99, 100, NASDAQ, 20000020
09:31:21.852, TRADE, IBM, 153.99, 10, NASDAQ, a0000020
09:31:21.854, TRADE, IBM, 153.99, 90, NASDAQ, a0000020
09:31:21.854, TRADE, IBM, 153.99, 10, NASDAQ, a0000020
09:31:21.863, TRADE NB, IBM, 154.00, 100, NYSE, 00000001
09:31:21.863, TRADE NB, IBM, 154.00, 100, NYSE, 00000001
09:31:22.682, TRADE, IBM, 154.00, 54, NASDAQ, 80000000
09:31:22.682, TRADE NB, IBM, 154.00, 100, NASDAQ, 00000001
09:31:22.682, TRADE, IBM, 154.00, 46, NASDAQ, 80000000
09:31:22.808, TRADE NB, IBM, 154.00, 100, ARCA, 20000020
09:31:22.808, TRADE NB, IBM, 154.00, 100, NYSE, 20000020
09:31:22.808, TRADE NB, IBM, 154.00, 300, ARCA, 20000020
09:31:22.809, TRADE NB, IBM, 154.00, 100, NYSE, 20000020
09:31:22.809, TRADE NB, IBM, 154.00, 100, EDGX, 20000020
09:31:22.809, TRADE NB, IBM, 154.00, 100, ARCA, 20000020
09:31:22.809, TRADE NB, IBM, 154.00, 300, ARCA, 20000020
09:31:22.809, TRADE NB, IBM, 154.00, 100, EDGX, 20000020
09:31:22.809, TRADE NB, IBM, 154.00, 100, BATS, 00000001
09:31:22.809, TRADE NB, IBM, 154.00, 100, BATS, 00000001
09:31:22.809, TRADE, IBM, 154.00, 54, NASDAQ, 80000000
09:31:22.809, TRADE NB, IBM, 154.00, 100, NASDAQ, 00000001
09:31:22.809, TRADE NB, IBM, 154.00, 100, NASDAQ, 00000001
09:31:22.810, TRADE NB, IBM, 154.00, 100, EDGX, 00000001
09:31:22.891, TRADE NB, IBM, 154.00, 100, ARCA, 00000001
09:31:22.891, TRADE NB, IBM, 154.00, 100, NASDAQ, 00000001
09:31:22.893, TRADE NB, IBM, 154.00, 100, NYSE, 20000020
09:31:22.897, TRADE NB, IBM, 154.00, 700, NYSE, 00000001
09:31:23.190, TRADE NB, IBM, 154.00, 100, EDGX, 00000001
09:31:23.190, TRADE NB, IBM, 154.00, 200, NYSE, 00000001
09:31:23.924, TRADE, IBM, 154.00, 13, FINRA, 80000000
09:31:24.413, TRADE NB, IBM, 154.00, 100, ARCA, 00000001
09:31:24.413, TRADE NB, IBM, 154.00, 100, NYSE, 00000001
09:31:24.414, TRADE NB, IBM, 154.00, 100, NASDAQ, 00000001
09:31:24.414, TRADE NB, IBM, 154.00, 100, BATS, 00000001
09:31:24.937, TRADE NB, IBM, 154.00, 100, NYSE, 20000020
09:31:24.937, TRADE NB, IBM, 154.00, 100, ARCA, 20000020
09:31:24.937, TRADE, IBM, 154.00, 53, NYSE, a0000020
09:31:24.937, TRADE, IBM, 154.00, 60, ARCA, a0000020
09:31:24.938, TRADE, IBM, 154.00, 53, EDGX, a0000020
09:31:24.938, TRADE, IBM, 154.00, 53, BATS, 80000000
09:31:25.607, TRADE NB, IBM, 153.99, 100, ARCA, 20000020
09:31:25.607, TRADE NB, IBM, 153.98, 100, EDGA, 20000020
09:31:25.607, TRADE, IBM, 153.99, 10, NASDAQ, a0000020
09:31:25.610, TRADE NB, IBM, 153.99, 100, EDGX, 20000020
09:31:26.145, TRADE NB, IBM, 154.00, 100, NYSE, 00000001
09:31:26.146, TRADE NB, IBM, 154.00, 100, BATS, 00000001
09:31:26.146, TRADE NB, IBM, 154.00, 100, NASDAQ, 00000001
09:31:26.147, TRADE NB, IBM, 154.00, 100, ARCA, 00000001
09:31:26.147, TRADE NB, IBM, 154.00, 200, NYSE, 00000001
09:31:26.151, TRADE NB, IBM, 154.00, 100, NASDAQ, 00000001
09:31:26.459, TRADE NB, IBM, 154.00, 100, NYSE, 00000001
09:31:26.459, TRADE NB, IBM, 154.00, 100, BATS, 00000001
09:31:26.460, TRADE NB, IBM, 154.00, 100, NASDAQ, 00000001
09:31:26.739, TRADE NB, IBM, 154.00, 100, EDGX, 00000001
09:31:26.739, TRADE NB, IBM, 154.00, 100, ARCA, 00000001
09:31:26.739, TRADE NB, IBM, 154.00, 100, ARCA, 00000001
09:31:27.348, TRADE NB, IBM, 153.98, 100, NYSE, 00000001
09:31:27.643, TRADE, IBM, 153.99, 13, ARCA, a0000020
09:31:27.644, TRADE, IBM, 153.99, 27, ARCA, a0000020
09:31:30.732, TRADE NB, IBM, 153.98, 100, NYSE, 20000020
09:31:30.732, TRADE NB, IBM, 153.99, 100, ARCA, 20000020
09:31:30.732, TRADE, IBM, 153.98, 10, NASDAQ, a0000020
09:31:30.732, TRADE NB, IBM, 153.98, 100, BATS, 20000020
09:31:30.733, TRADE, IBM, 153.99, 16, EDGX, a0000020
09:31:30.733, TRADE, IBM, 153.99, 29, NASDAQ, 80000000
09:31:30.734, TRADE NB, IBM, 153.99, 100, FINRA, 00000001
09:31:30.735, TRADE NB, IBM, 153.98, 100, ARCA, 20000020
09:31:30.735, TRADE NB, IBM, 153.96, 100, NYSE, 20000020
09:31:30.735, TRADE NB, IBM, 153.96, 100, ARCA, 20000020
09:31:30.735, TRADE NB, IBM, 153.96, 100, BATS, 20000020
09:31:30.735, TRADE NB, IBM, 153.96, 100, NASDAQ, 20000020
09:31:30.736, TRADE NB, IBM, 153.96, 100, NASDAQ, 20000020
09:31:30.736, TRADE NB, IBM, 153.96, 100, NASDAQ, 20000020
09:31:30.739, TRADE NB, IBM, 153.90, 110, ARCA, 20000020
09:31:30.740, TRADE, IBM, 153.90, 75, ARCA, a0000020
09:31:30.740, TRADE, IBM, 153.90, 38, ARCA, a0000020
09:31:30.740, TRADE NB, IBM, 153.90, 125, ARCA, 20000020
09:31:30.740, TRADE, IBM, 153.90, 37, ARCA, a0000020
09:31:30.740, TRADE NB, IBM, 153.90, 163, ARCA, 00000001
09:31:30.740, TRADE NB, IBM, 153.90, 237, ARCA, 00000001
09:31:30.740, TRADE NB, IBM, 153.90, 200, ARCA, 00000001
09:31:30.741, TRADE NB, IBM, 153.90, 100, ARCA, 20000020
09:31:30.741, TRADE, IBM, 153.90, 25, ARCA, a0000020
09:31:30.770, TRADE NB, IBM, 153.90, 200, ARCA, 20000020
09:31:30.772, TRADE NB, IBM, 153.90, 200, ARCA, 00000001
09:31:30.823, TRADE NB, IBM, 153.90, 200, ARCA, 20000020
09:31:30.912, TRADE NB, IBM, 153.90, 194, ARCA, 00000001
09:31:30.935, TRADE NB, IBM, 153.98, 1200, FINRA, 00000001
09:31:30.958, TRADE NB, IBM, 153.90, 100, ARCA, 20000020
09:31:32.706, TRADE NB, IBM, 153.90, 100, ARCA, 00000001
09:31:34.507, TRADE, IBM, 153.86, 10, NASDAQ, a0000020
09:31:35.477, TRADE, IBM, 153.87, 14, FINRA, 80000000
09:31:37.156, TRADE NB, IBM, 153.82, 200, FINRA, 00000001
09:31:37.157, TRADE NB, IBM, 153.82, 100, ARCA, 00000001
09:31:37.226, TRADE NB, IBM, 153.82, 200, FINRA, 00000001
09:31:37.776, TRADE NB, IBM, 153.81, 100, BATS, 20000020
09:31:37.776, TRADE NB, IBM, 153.81, 200, EDGX, 20000020
09:31:37.777, TRADE, IBM, 153.81, 10, NASDAQ, a0000020
09:31:37.777, TRADE NB, IBM, 153.81, 100, NASDAQ, 20000020
09:31:37.777, TRADE, IBM, 153.81, 48, NASDAQ, a0000020
09:31:37.777, TRADE, IBM, 153.78, 89, NYSE, a0000020
09:31:37.777, TRADE, IBM, 153.81, 52, NASDAQ, a0000020
09:31:37.777, TRADE NB, IBM, 153.77, 211, NYSE, 20000020
09:31:37.781, TRADE NB, IBM, 153.77, 248, NYSE, 20000020
09:31:37.782, TRADE NB, IBM, 153.77, 190, NYSE, 20000020
09:31:37.805, TRADE NB, IBM, 153.77, 100, FINRA, 00000001
09:31:37.977, TRADE NB, IBM, 153.81, 1100, FINRA, 00000001
09:31:40.518, TRADE, IBM, 153.79, 75, FINRA, 80000000
09:31:41.082, TRADE NB, IBM, 153.79, 200, ARCA, 00000001
09:31:41.082, TRADE NB, IBM, 153.79, 100, ARCA, 20000020
09:31:41.083, TRADE, IBM, 153.79, 20, NASDAQ, a0000020
09:31:42.217, TRADE, IBM, 153.77, 1, FINRA, 80000000
09:31:42.763, TRADE NB, IBM, 153.81, 200, ARCA, 00000001
09:31:47.646, TRADE, IBM, 153.78, 10, NASDAQ, a0000020
09:31:47.647, TRADE, IBM, 153.78, 74, NASDAQ, a0000020
09:31:50.498, TRADE NB, IBM, 153.82, 100, BATS, 00000001
09:31:50.499, TRADE NB, IBM, 153.83, 200, ARCA, 00000001
09:31:50.499, TRADE NB, IBM, 153.83, 200, ARCA, 00000001
09:31:50.500, TRADE NB, IBM, 153.83, 200, ARCA, 00000001
09:31:51.417, TRADE NB, IBM, 153.83, 200, ARCA, 00000001
09:31:51.418, TRADE NB, IBM, 153.83, 200, ARCA, 00000001
09:31:51.419, TRADE NB, IBM, 153.83, 100, ARCA, 20000020
09:31:51.419, TRADE NB, IBM, 153.83, 100, ARCA, 20000020
09:31:51.419, TRADE NB, IBM, 153.83, 100, ARCA, 00000001
09:31:51.424, TRADE NB, IBM, 153.83, 100, ARCA, 00000001
09:31:51.424, TRADE NB, IBM, 153.83, 100, ARCA, 00000001
09:31:51.424, TRADE NB, IBM, 153.83, 100, ARCA, 00000001
09:31:51.425, TRADE NB, IBM, 153.83, 100, NASDAQ, 20000020
09:31:51.425, TRADE NB, IBM, 153.83, 100, EDGX, 00000001
09:31:51.425, TRADE NB, IBM, 153.83, 100, NASDAQ, 00000001
09:31:51.428, TRADE NB, IBM, 153.83, 100, ARCA, 00000001
09:31:51.428, TRADE NB, IBM, 153.83, 100, ARCA, 20000020
09:31:51.430, TRADE NB, IBM, 153.83, 200, ARCA, 00000001
09:31:52.563, TRADE NB, IBM, 153.83, 100, ARCA, 20000020
09:31:53.384, TRADE NB, IBM, 153.83, 100, ARCA, 00000001
09:31:55.294, TRADE NB, IBM, 153.82, 200, ARCA, 00000001
09:31:55.295, TRADE, IBM, 153.82, 10, NASDAQ, a0000020
09:31:55.295, TRADE NB, IBM, 153.82, 100, NASDAQ, 20000020
09:31:55.378, TRADE NB, IBM, 153.82, 103, FINRA, 00000001
09:31:59.430, TRADE NB, IBM, 153.82, 100, EDGX, 00000001
09:31:59.430, TRADE NB, IBM, 153.82, 100, NASDAQ, 00000001
09:31:59.430, TRADE NB, IBM, 153.82, 200, ARCA, 20000020
09:31:59.432, TRADE, IBM, 153.82, 30, ARCA, a0000020
09:31:59.434, TRADE, IBM, 153.82, 70, ARCA, 80000000
09:31:59.436, TRADE NB, IBM, 153.83, 130, ARCA, 00000001
09:31:59.664, TRADE NB, IBM, 153.83, 200, ARCA, 20000020
09:31:59.664, TRADE NB, IBM, 153.83, 100, ARCA, 20000020
09:32:00.278, TRADE NB, IBM, 153.82, 100, ARCA, 20000020
09:32:00.278, TRADE NB, IBM, 153.82, 100, BATS, 00000001
09:32:00.278, TRADE NB, IBM, 153.82, 100, NASDAQ, 00000001
09:32:01.084, TRADE NB, IBM, 153.83, 200, ARCA, 00000001
09:32:01.582, TRADE NB, IBM, 153.83, 100, ARCA, 00000001
09:32:01.585, TRADE NB, IBM, 153.83, 100, ARCA, 00000001
09:32:01.585, TRADE NB, IBM, 153.83, 100, ARCA, 20000020
09:32:01.585, TRADE NB, IBM, 153.83, 100, ARCA, 00000001
09:32:01.585, TRADE NB, IBM, 153.83, 100, ARCA, 00000001
09:32:01.586, TRADE NB, IBM, 153.83, 100, ARCA, 00000001
09:32:01.590, TRADE NB, IBM, 153.83, 100, ARCA, 00000001
09:32:01.592, TRADE, IBM, 153.83, 20, ARCA, a0000020
09:32:01.592, TRADE, IBM, 153.84, 88, NASDAQ, 80000000
09:32:01.593, TRADE NB, IBM, 153.85, 112, NASDAQ, 00000001
09:32:01.594, TRADE NB, IBM, 153.86, 100, ARCA, 00000001
09:32:01.627, TRADE NB, IBM, 153.83, 100, ARCA, 20000020
09:32:02.293, TRADE, IBM, 153.84, 63, ARCA, a0000020
09:32:02.630, TRADE NB, IBM, 153.83, 100, FINRA, 00000001
09:32:03.985, TRADE NB, IBM, 153.85, 100, ARCA, 00000001
09:32:03.990, TRADE NB, IBM, 153.86, 100, ARCA, 00000001
09:32:03.990, TRADE NB, IBM, 153.86, 100, ARCA, 00000001
09:32:03.991, TRADE NB, IBM, 153.86, 100, NYSE, 00000001
09:32:03.992, TRADE NB, IBM, 153.86, 100, BATS, 00000001
09:32:03.993, TRADE NB, IBM, 153.86, 100, ARCA, 00000001
09:32:03.993, TRADE NB, IBM, 153.86, 100, NASDAQ, 00000001
09:32:03.993, TRADE NB, IBM, 153.86, 100, ARCA, 20000020
09:32:03.993, TRADE NB, IBM, 153.86, 100, EDGX, 00000001
09:32:03.993, TRADE, IBM, 153.86, 37, EDGX, 80000000
09:32:03.994, TRADE NB, IBM, 153.86, 100, NASDAQ, 20000020
09:32:03.994, TRADE NB, IBM, 153.86, 100, NASDAQ, 20000020
09:32:03.994, TRADE NB, IBM, 153.86, 100, NASDAQ, 00000001
09:32:04.001, TRADE NB, IBM, 153.86, 100, NASDAQ, 00000001
09:32:04.028, TRADE NB, IBM, 153.86, 100, NASDAQ, 20000020
09:32:06.461, TRADE NB, IBM, 153.91, 100, NYSE, 00000001
09:32:06.461, TRADE NB, IBM, 153.92, 100, ARCA, 00000001
09:32:06.461, TRADE NB, IBM, 153.92, 100, NYSE, 00000001
09:32:06.461, TRADE NB, IBM, 153.92, 100, ARCA, 20000020
09:32:06.462, TRADE NB, IBM, 153.91, 100, BATS Y, 20000020
09:32:06.462, TRADE NB, IBM, 153.91, 100, NASDAQ BX, 20000020
09:32:06.462, TRADE NB, IBM, 153.91, 100, EDGX, 20000020
09:32:06.462, TRADE NB, IBM, 153.92, 100, BATS Y, 20000020
09:32:06.462, TRADE NB, IBM, 153.91, 100, NASDAQ, 20000020
09:32:06.462, TRADE NB, IBM, 153.92, 100, NASDAQ BX, 20000020
09:32:06.462, TRADE NB, IBM, 153.91, 100, BATS, 20000020
09:32:06.464, TRADE NB, IBM, 153.92, 100, FINRA, 00000001
09:32:06.573, TRADE, IBM, 153.84, 10, FINRA, 80000000
09:32:08.615, TRADE NB, IBM, 154.00, 100, FINRA, 00000001
09:32:08.699, TRADE NB, IBM, 154.00, 100, BATS, 00000001
09:32:08.699, TRADE NB, IBM, 154.00, 100, EDGX, 00000001
09:32:08.699, TRADE NB, IBM, 154.00, 100, NYSE, 00000001
09:32:08.699, TRADE NB, IBM, 154.00, 100, ARCA, 00000001
09:32:08.700, TRADE NB, IBM, 154.00, 100, BATS, 00000001
09:32:08.700, TRADE NB, IBM, 154.00, 100, NASDAQ, 00000001
09:32:08.700, TRADE NB, IBM, 154.00, 147, NYSE, 00000001
09:32:08.704, TRADE NB, IBM, 154.00, 100, EDGX, 20000020
09:32:08.704, TRADE NB, IBM, 154.00, 100, ARCA, 20000020
09:32:08.704, TRADE NB, IBM, 154.00, 100, NASDAQ, 00000001
09:32:08.705, TRADE NB, IBM, 154.00, 100, BATS, 20000020
09:32:08.705, TRADE NB, IBM, 154.00, 100, ARCA, 00000001
09:32:08.705, TRADE NB, IBM, 154.00, 100, BATS, 20000020
09:32:08.705, TRADE NB, IBM, 154.00, 100, ARCA, 00000001
09:32:08.710, TRADE NB, IBM, 153.99, 100, NASDAQ, 00000001
09:32:08.710, TRADE NB, IBM, 154.00, 100, NASDAQ, 00000001
09:32:08.710, TRADE NB, IBM, 154.00, 100, NASDAQ, 00000001
09:32:08.710, TRADE NB, IBM, 153.98, 100, BATS, 00000001
09:32:08.711, TRADE NB, IBM, 154.00, 100, NASDAQ, 00000001
09:32:08.712, TRADE NB, IBM, 153.92, 100, FINRA, 00000001
09:32:08.715, TRADE NB, IBM, 154.00, 100, BATS, 00000001
09:32:08.715, TRADE NB, IBM, 154.00, 100, NASDAQ, 00000001
09:32:08.718, TRADE NB, IBM, 154.00, 100, NASDAQ, 00000001
09:32:08.719, TRADE NB, IBM, 153.99, 100, NASDAQ, 00000001
09:32:08.730, TRADE NB, IBM, 154.00, 100, NASDAQ, 00000001
09:32:08.737, TRADE NB, IBM, 154.00, 100, NASDAQ, 00000001
09:32:08.738, TRADE NB, IBM, 153.99, 100, NASDAQ, 20000020
09:32:08.738, TRADE NB, IBM, 154.00, 100, ARCA, 00000001
09:32:08.738, TRADE NB, IBM, 154.00, 100, BATS, 00000001
09:32:08.738, TRADE NB, IBM, 154.00, 100, NASDAQ, 00000001
09:32:08.767, TRADE NB, IBM, 154.00, 100, NYSE, 00000001
09:32:09.412, TRADE NB, IBM, 154.00, 100, EDGX, 00000001
09:32:09.412, TRADE NB, IBM, 154.00, 100, NYSE, 00000001
09:32:09.412, TRADE NB, IBM, 154.00, 100, ARCA, 00000001
09:32:09.412, TRADE NB, IBM, 154.00, 100, BATS, 00000001
09:32:09.413, TRADE NB, IBM, 154.00, 100, NASDAQ, 00000001
09:32:09.858, TRADE NB, IBM, 154.00, 100, NYSE, 20000020
09:32:09.858, TRADE NB, IBM, 154.00, 100, EDGX, 20000020
09:32:09.858, TRADE NB, IBM, 154.00, 100, ARCA, 20000020
09:32:09.858, TRADE NB, IBM, 154.00, 100, BATS, 20000020
09:32:09.858, TRADE NB, IBM, 154.00, 100, NASDAQ, 20000020
09:32:09.859, TRADE NB, IBM, 154.00, 100, EDGX, 00000001
09:32:10.586, TRADE NB, IBM, 154.00, 100, NYSE, 00000001
09:32:10.879, TRADE NB, IBM, 153.97, 100, NASDAQ, 00000001
09:32:10.879, TRADE NB, IBM, 153.95, 100, NASDAQ, 00000001
09:32:10.889, TRADE NB, IBM, 153.95, 100, ARCA, 20000020
09:32:10.889, TRADE NB, IBM, 153.95, 100, EDGX, 20000020
09:32:10.889, TRADE NB, IBM, 153.95, 100, NASDAQ, 00000001
09:32:10.890, TRADE NB, IBM, 153.95, 100, BATS, 20000020
09:32:10.891, TRADE NB, IBM, 153.98, 100, FINRA, 00000001
09:32:16.058, TRADE NB, IBM, 153.88, 100, EDGA, 20000020
09:32:16.058, TRADE NB, IBM, 153.88, 100, NYSE, 20000020
09:32:16.058, TRADE NB, IBM, 153.88, 100, EDGA, 20000020
09:32:16.058, TRADE NB, IBM, 153.87, 200, NYSE, 20000020
09:32:16.058, TRADE NB, IBM, 153.87, 100, EDGA, 20000020
09:32:16.059, TRADE, IBM, 153.88, 87, BATS Y, 80000000
09:32:16.059, TRADE NB, IBM, 153.87, 100, NYSE, 20000020
09:32:16.059, TRADE NB, IBM, 153.88, 100, ARCA, 20000020
09:32:16.059, TRADE NB, IBM, 153.88, 100, EDGX, 20000020
09:32:16.059, TRADE, IBM, 153.88, 13, BATS Y, 80000000
09:32:16.059, TRADE NB, IBM, 153.87, 100, BATS Y, 00000001
09:32:16.059, TRADE NB, IBM, 153.88, 100, NASDAQ, 00000001
09:32:16.059, TRADE NB, IBM, 153.88, 100, BATS Y, 20000020
09:32:16.059, TRADE, IBM, 153.88, 74, NASDAQ, 80000000
09:32:16.059, TRADE, IBM, 153.88, 13, NASDAQ, 80000000
09:32:16.059, TRADE, IBM, 153.88, 13, NASDAQ, 80000000
09:32:16.059, TRADE NB, IBM, 153.87, 100, NASDAQ, 00000001
09:32:16.059, TRADE NB, IBM, 153.87, 100, NASDAQ, 00000001
09:32:16.059, TRADE, IBM, 153.88, 74, NASDAQ PSX, a0000020
09:32:16.059, TRADE NB, IBM, 153.87, 100, BATS Y, 20000020
09:32:16.059, TRADE NB, IBM, 153.87, 100, NASDAQ, 00000001
09:32:16.059, TRADE, IBM, 153.88, 87, NASDAQ BX, a0000020
09:32:16.060, TRADE NB, IBM, 153.87, 100, NASDAQ, 00000001
09:32:16.060, TRADE NB, IBM, 153.87, 100, NASDAQ, 20000020
09:32:16.060, TRADE, IBM, 153.88, 13, NASDAQ PSX, a0000020
09:32:16.060, TRADE NB, IBM, 153.87, 100, NASDAQ, 20000020
09:32:16.060, TRADE NB, IBM, 153.88, 100, BATS, 20000020
09:32:16.060, TRADE, IBM, 153.88, 13, NASDAQ BX, a0000020
09:32:16.060, TRADE NB, IBM, 153.87, 100, BATS, 20000020
09:32:16.561, TRADE NB, IBM, 153.86, 100, ARCA, 20000020
09:32:16.708, TRADE, IBM, 153.84, 61, EDGX, a0000020
09:32:16.708, TRADE, IBM, 153.84, 39, EDGX, a0000020
09:32:17.931, TRADE NB, IBM, 153.86, 100, ARCA, 00000001
09:32:17.932, TRADE NB, IBM, 153.87, 100, ARCA, 00000001
09:32:17.932, TRADE NB, IBM, 153.90, 100, ARCA, 00000001
09:32:18.099, TRADE NB, IBM, 153.81, 100, NYSE, 20000020
09:32:18.099, TRADE NB, IBM, 153.81, 100, ARCA, 20000020
09:32:18.100, TRADE NB, IBM, 153.82, 100, BATS, 00000001
09:32:18.100, TRADE NB, IBM, 153.81, 100, BATS, 00000001
09:32:18.341, TRADE NB, IBM, 153.81, 200, ARCA, 00000001
09:32:18.342, TRADE NB, IBM, 153.81, 100, NASDAQ, 00000001
09:32:18.343, TRADE, IBM, 153.81, 11, ARCA, 80000000
09:32:18.344, TRADE NB, IBM, 153.81, 200, ARCA, 00000001
09:32:18.345, TRADE, IBM, 153.81, 89, ARCA, a0000020
09:32:20.220, TRADE, IBM, 153.84, 20, EDGX, a0000020
09:32:22.462, TRADE NB, IBM, 153.81, 100, ARCA, 20000020
09:32:22.462, TRADE NB, IBM, 153.80, 100, NYSE, 20000020
09:32:22.462, TRADE NB, IBM, 153.80, 100, EDGA, 20000020
09:32:22.463, TRADE NB, IBM, 153.80, 100, ARCA, 20000020
09:32:24.804, TRADE NB, IBM, 153.78, 100, ARCA, 20000020
09:32:24.804, TRADE NB, IBM, 153.78, 100, NYSE, 20000020
09:32:24.804, TRADE NB, IBM, 153.77, 100, ARCA, 20000020
09:32:24.804, TRADE, IBM, 153.77, 66, ARCA, a0000020
09:32:24.804, TRADE NB, IBM, 153.77, 211, NYSE, 20000020
09:32:24.804, TRADE NB, IBM, 153.77, 134, ARCA, 20000020
09:32:24.804, TRADE NB, IBM, 153.77, 140, NYSE, 20000020
09:32:24.805, TRADE NB, IBM, 153.78, 100, EDGA, 20000020
09:32:24.805, TRADE NB, IBM, 153.78, 100, EDGX, 20000020
09:32:24.805, TRADE, IBM, 153.77, 70, EDGA, a0000020
09:32:24.805, TRADE, IBM, 153.77, 30, EDGA, a0000020
09:32:24.805, TRADE, IBM, 153.77, 70, EDGX, a0000020
09:32:24.805, TRADE, IBM, 153.77, 97, NASDAQ, 80000000
09:32:24.805, TRADE, IBM, 153.77, 3, NASDAQ, 80000000
09:32:24.809, TRADE NB, IBM, 153.77, 100, FINRA, 20000020
09:32:24.823, TRADE, IBM, 153.78, 89, NYSE, a0000020
09:32:24.831, TRADE, IBM, 153.78, 11, NYSE, 80000000
09:32:25.815, TRADE, IBM, 153.78, 26, FINRA, 80000000
09:32:26.890, TRADE, IBM, 153.75, 23, ARCA, a0000020
09:32:26.891, TRADE, IBM, 153.75, 77, ARCA, a0000020
09:32:26.891, TRADE, IBM, 153.75, 23, EDGX, a0000020
09:32:26.891, TRADE, IBM, 153.75, 77, EDGX, a0000020
09:32:26.891, TRADE, IBM, 153.75, 1, NASDAQ, 80000000
09:32:26.891, TRADE, IBM, 153.75, 7, NASDAQ, 80000000
09:32:27.229, TRADE NB, IBM, 153.76, 200, ARCA, 00000001
09:32:27.261, TRADE NB, IBM, 153.76, 100, ARCA, 00000001
09:32:27.573, TRADE NB, IBM, 153.79, 100, ARCA, 00000001
09:32:30.055, TRADE, IBM, 153.72, 25, FINRA, 80000000
09:32:30.329, TRADE NB, IBM, 153.79, 100, ARCA, 00000001
09:32:31.596, TRADE, IBM, 153.82, 25, NYSE, 80000000
09:32:34.011, TRADE, IBM, 153.83, 88, FINRA, 80000000
09:32:39.069, TRADE, IBM, 153.83, 25, FINRA, 80000000
09:32:39.088, TRADE NB, IBM, 153.83, 100, NYSE, 00000001
09:32:39.088, TRADE NB, IBM, 153.82, 100, ARCA, 20000020
09:32:39.088, TRADE NB, IBM, 153.83, 100, ARCA, 20000020
09:32:39.088, TRADE NB, IBM, 153.82, 100, EDGX, 20000020
09:32:39.089, TRADE NB, IBM, 153.82, 100, BATS, 20000020
09:32:39.089, TRADE NB, IBM, 153.82, 100, NASDAQ, 20000020
09:32:39.089, TRADE NB, IBM, 153.82, 100, BATS Y, 20000020
09:32:39.089, TRADE NB, IBM, 153.82, 100, NASDAQ BX, 20000020
09:32:39.089, TRADE, IBM, 153.86, 25, EDGA, a0000020
09:32:39.089, TRADE, IBM, 153.83, 2, ARCA, a0000020
09:32:39.089, TRADE, IBM, 153.83, 98, ARCA, a0000020
09:32:39.095, TRADE NB, IBM, 153.86, 100, EDGX, 00000001
09:32:39.095, TRADE, IBM, 153.86, 75, EDGA, a0000020
09:32:39.095, TRADE, IBM, 153.86, 25, EDGA, a0000020
09:32:39.095, TRADE NB, IBM, 153.86, 100, NASDAQ, 00000001
09:32:39.095, TRADE NB, IBM, 153.86, 100, NASDAQ, 20000020
09:32:39.096, TRADE NB, IBM, 153.85, 100, BATS, 20000020
09:32:39.096, TRADE NB, IBM, 153.86, 100, EDGA, 20000020
09:32:39.096, TRADE, IBM, 153.87, 41, ARCA, 80000000
09:32:39.096, TRADE, IBM, 153.86, 25, NASDAQ, a0000020
09:32:39.096, TRADE, IBM, 153.86, 75, NASDAQ, a0000020
09:32:39.096, TRADE NB, IBM, 153.86, 100, BATS, 00000001
09:32:39.096, TRADE NB, IBM, 153.85, 100, NASDAQ BX, 20000020
09:32:39.098, TRADE NB, IBM, 153.87, 100, BATS, 00000001
09:32:39.103, TRADE NB, IBM, 153.87, 100, EDGX, 00000001
09:32:39.103, TRADE, IBM, 153.87, 59, ARCA, a0000020
09:32:39.121, TRADE NB, IBM, 153.87, 100, NASDAQ, 00000001
09:32:39.195, TRADE NB, IBM, 153.88, 100, ARCA, 00000001
09:32:43.449, TRADE NB, IBM, 153.91, 100, ARCA, 00000001
09:32:43.449, TRADE NB, IBM, 153.92, 200, NYSE, 00000001
09:32:43.460, TRADE NB, IBM, 153.92, 100, NYSE, 00000001
09:32:47.600, TRADE NB, IBM, 153.94, 100, ARCA, 00000001
09:32:47.600, TRADE NB, IBM, 153.94, 100, ARCA, 00000001
09:32:47.600, TRADE NB, IBM, 153.94, 100, ARCA, 20000020
09:32:47.602, TRADE NB, IBM, 153.94, 100, ARCA, 20000020
09:32:47.602, TRADE NB, IBM, 154.00, 100, NASDAQ, 00000001
09:32:47.602, TRADE NB, IBM, 154.00, 100, EDGX, 20000020
09:32:47.602, TRADE NB, IBM, 154.00, 100, BATS, 00000001
09:32:47.603, TRADE NB, IBM, 154.00, 100, BATS, 20000020
09:32:47.603, TRADE NB, IBM, 153.97, 100, FINRA, 00000001
09:32:47.604, TRADE NB, IBM, 154.00, 200, NYSE, 00000001
09:32:47.604, TRADE NB, IBM, 154.00, 100, ARCA, 00000001
09:32:47.606, TRADE, IBM, 153.96, 39, ARCA, a0000020
09:32:47.606, TRADE NB, IBM, 154.00, 100, NASDAQ, 20000020
09:32:47.607, TRADE, IBM, 153.96, 61, ARCA, 80000000
09:32:47.609, TRADE NB, IBM, 154.00, 100, NASDAQ, 00000001
09:32:47.885, TRADE NB, IBM, 154.00, 100, NYSE, 00000001
09:32:47.894, TRADE NB, IBM, 154.00, 100, NYSE, 00000001
09:32:48.045, TRADE NB, IBM, 154.00, 100, ARCA, 00000001
09:32:48.045, TRADE NB, IBM, 154.00, 100, NASDAQ, 00000001
09:32:49.095, TRADE, IBM, 154.00, 19, ARCA, 80000000
09:32:49.392, TRADE NB, IBM, 153.96, 100, ARCA, 20000020
09:32:49.392, TRADE NB, IBM, 153.96, 100, BATS, 20000020
09:32:49.392, TRADE NB, IBM, 153.96, 100, NASDAQ, 20000020
09:32:49.393, TRADE NB, IBM, 153.96, 100, BATS, 00000001
09:32:49.394, TRADE NB, IBM, 153.98, 100, FINRA, 00000001
09:32:51.894, TRADE NB, IBM, 154.00, 100, FINRA, 00000001
09:32:51.914, TRADE NB, IBM, 154.00, 100, EDGX, 20000020
09:32:51.914, TRADE NB, IBM, 154.00, 100, NASDAQ, 00000001
09:32:51.914, TRADE NB, IBM, 154.00, 100, NYSE, 20000020
09:32:51.914, TRADE, IBM, 154.00, 81, ARCA, a0000020
09:32:51.914, TRADE NB, IBM, 154.00, 100, NASDAQ, 00000001
09:32:53.458, TRADE NB, IBM, 154.00, 100, EDGX, 20000020
09:32:53.458, TRADE NB, IBM, 154.00, 100, ARCA, 20000020
09:32:53.458, TRADE NB, IBM, 154.00, 100, NYSE, 20000020
09:32:53.458, TRADE NB, IBM, 154.00, 100, NASDAQ, 00000001
09:32:53.458, TRADE NB, IBM, 154.00, 100, BATS, 20000020
09:32:53.458, TRADE NB, IBM, 154.00, 200, NASDAQ, 00000001
09:32:53.458, TRADE NB, IBM, 154.00, 100, BATS, 20000020
09:32:53.458, TRADE NB, IBM, 154.00, 100, NASDAQ, 20000020
09:32:53.467, TRADE NB, IBM, 154.00, 100, NYSE, 00000001
09:32:53.467, TRADE NB, IBM, 154.00, 100, NASDAQ, 00000001
09:32:53.469, TRADE NB, IBM, 154.00, 100, NASDAQ, 20000020
09:32:53.471, TRADE NB, IBM, 154.00, 100, NASDAQ, 00000001
09:32:53.500, TRADE NB, IBM, 154.00, 100, EDGX, 20000020
09:32:53.573, TRADE NB, IBM, 153.97, 100, NYSE, 00000001
09:32:54.054, TRADE NB, IBM, 153.96, 100, NYSE, 20000020
09:32:54.054, TRADE NB, IBM, 153.96, 100, NASDAQ, 00000001
09:32:54.054, TRADE NB, IBM, 153.96, 100, BATS, 20000020
09:32:54.056, TRADE NB, IBM, 153.98, 100, FINRA, 00000001
09:32:54.061, TRADE NB, IBM, 153.94, 100, EDGA, 20000020
09:32:54.061, TRADE NB, IBM, 153.95, 100, NASDAQ, 00000001
09:32:54.061, TRADE NB, IBM, 153.94, 100, NASDAQ, 20000020
09:32:57.436, TRADE NB, IBM, 153.96, 1000, FINRA, 00000001
09:33:03.511, TRADE, IBM, 153.94, 20, FINRA, 80000000
09:33:06.827, TRADE NB, IBM, 153.81, 300, NASDAQ, 00000001
09:33:06.836, TRADE NB, IBM, 153.80, 100, NYSE, 00000001
09:33:06.838, TRADE NB, IBM, 153.81, 100, BATS, 00000001
09:33:06.838, TRADE NB, IBM, 153.81, 100, ARCA, 00000001
09:33:06.852, TRADE NB, IBM, 153.80, 700, FINRA, 00000001
09:33:07.409, TRADE, IBM, 153.99, 3, FINRA, 80000000
09:33:09.136, TRADE NB, IBM, 153.81, 100, BATS, 00000001
09:33:10.886, TRADE, IBM, 153.80, 50, NYSE, a0000020
09:33:16.259, TRADE NB, IBM, 153.81, 100, BATS, 00000001
09:33:16.264, TRADE NB, IBM, 153.81, 100, ARCA, 20000020
09:33:16.264, TRADE NB, IBM, 153.81, 100, NASDAQ, 00000001
09:33:16.264, TRADE NB, IBM, 153.80, 100, NASDAQ, 00000001
09:33:16.265, TRADE NB, IBM, 153.80, 100, EDGX, 20000020
09:33:16.265, TRADE NB, IBM, 153.80, 100, ARCA, 20000020
09:33:16.265, TRADE NB, IBM, 153.80, 100, BATS, 00000001
09:33:16.265, TRADE NB, IBM, 153.80, 100, NASDAQ, 20000020
09:33:16.266, TRADE NB, IBM, 153.81, 100, FINRA, 00000001
09:33:16.268, TRADE NB, IBM, 153.79, 100, EDGX, 00000001
09:33:16.268, TRADE NB, IBM, 153.79, 100, NASDAQ, 00000001
09:33:16.268, TRADE NB, IBM, 153.79, 100, ARCA, 20000020
09:33:16.269, TRADE, IBM, 153.79, 98, ARCA, a0000020
09:33:16.512, TRADE, IBM, 153.79, 2, ARCA, a0000020
09:33:26.927, TRADE NB, IBM, 153.80, 100, FINRA, 00000001
09:33:30.394, TRADE NB, IBM, 153.85, 100, NYSE, 00000001
09:33:30.394, TRADE, IBM, 153.87, 14, NYSE, 80000000
09:33:33.620, TRADE NB, IBM, 153.76, 100, BATS, 00000001
09:33:33.627, TRADE NB, IBM, 153.73, 100, NASDAQ BX, 00000001
09:33:33.629, TRADE NB, IBM, 153.73, 100, ARCA, 00000001
09:33:33.630, TRADE NB, IBM, 153.73, 100, ARCA, 00000001
09:33:33.630, TRADE NB, IBM, 153.73, 100, BATS, 00000001
09:33:33.630, TRADE NB, IBM, 153.73, 100, NASDAQ, 20000020
09:33:33.630, TRADE NB, IBM, 153.73, 100, NASDAQ, 20000020
09:33:33.632, TRADE, IBM, 153.73, 73, ARCA, a0000020
09:33:33.632, TRADE NB, IBM, 153.72, 100, NASDAQ, 20000020
09:33:33.632, TRADE, IBM, 153.73, 27, ARCA, a0000020
09:33:33.632, TRADE NB, IBM, 153.72, 100, BATS, 20000020
09:33:33.632, TRADE, IBM, 153.72, 6, BATS, 80000000
09:33:33.638, TRADE, IBM, 153.70, 5, NYSE, 80000000
09:33:33.638, TRADE, IBM, 153.70, 6, NASDAQ, 80000000
09:33:33.759, TRADE, IBM, 153.72, 73, NASDAQ, a0000020
09:33:33.759, TRADE, IBM, 153.72, 27, NASDAQ, a0000020
09:33:34.863, TRADE NB, IBM, 153.73, 200, FINRA, 00000001
09:33:34.865, TRADE NB, IBM, 153.73, 100, FINRA, 00000001
09:33:35.314, TRADE NB, IBM, 153.70, 100, NYSE, 00000001
09:33:36.129, TRADE, IBM, 153.69, 29, NYSE, 80000000
09:33:36.130, TRADE NB, IBM, 153.69, 1971, NYSE, 20000020
09:33:36.361, TRADE NB, IBM, 153.70, 300, FINRA, 00000001
09:33:36.368, TRADE, IBM, 153.67, 41, NASDAQ BX, 80000000
09:33:36.369, TRADE, IBM, 153.67, 49, EDGA, 80000000
09:33:36.376, TRADE, IBM, 153.67, 11, EDGA, a0000020
09:33:36.376, TRADE, IBM, 153.67, 40, EDGA, a0000020
09:33:36.376, TRADE NB, IBM, 153.67, 297, NYSE, 20000020
09:33:36.376, TRADE, IBM, 153.67, 6, ARCA, a0000020
09:33:36.376, TRADE NB, IBM, 153.67, 106, NYSE, 20000020
09:33:36.377, TRADE, IBM, 153.67, 8, EDGX, a0000020
09:33:36.377, TRADE, IBM, 153.67, 7, EDGX, a0000020
09:33:36.378, TRADE, IBM, 153.65, 50, NYSE, a0000020
09:33:36.378, TRADE NB, IBM, 153.67, 100, NASDAQ, 20000020
09:33:36.378, TRADE, IBM, 153.65, 85, NYSE, a0000020
09:33:36.378, TRADE NB, IBM, 153.65, 100, NYSE, 20000020
09:33:36.379, TRADE, IBM, 153.66, 50, NASDAQ, a0000020
09:33:36.379, TRADE, IBM, 153.65, 10, NASDAQ, a0000020
09:33:36.380, TRADE NB, IBM, 153.67, 100, FINRA, 00000001
09:33:37.943, TRADE NB, IBM, 153.65, 100, NYSE, 00000001
09:33:38.473, TRADE NB, IBM, 153.71, 100, NYSE, 00000001
09:33:38.699, TRADE NB, IBM, 153.71, 100, BATS, 00000001
09:33:41.409, TRADE, IBM, 153.65, 42, BATS Y, 80000000
09:33:41.409, TRADE, IBM, 153.65, 42, NYSE, a0000020
09:33:41.409, TRADE, IBM, 153.65, 65, ARCA, a0000020
09:33:41.409, TRADE, IBM, 153.65, 38, BATS Y, 80000000
09:33:41.409, TRADE, IBM, 153.65, 20, BATS Y, 80000000
09:33:41.409, TRADE, IBM, 153.65, 65, BATS, 80000000
09:33:41.409, TRADE, IBM, 153.65, 23, NYSE, 80000000
09:33:41.409, TRADE, IBM, 153.65, 65, NASDAQ, 80000000
09:33:41.429, TRADE NB, IBM, 153.66, 100, BATS, 00000001
09:33:41.633, TRADE NB, IBM, 153.56, 100, FINRA, 00000001
09:33:41.636, TRADE, IBM, 153.56, 66, FINRA, 80000000
09:33:44.312, TRADE NB, IBM, 153.70, 100, BATS, 00000001
09:33:44.450, TRADE, IBM, 153.65, 35, NASDAQ, 80000000
09:33:44.450, TRADE, IBM, 153.65, 59, NASDAQ, 80000000
09:33:46.977, TRADE NB, IBM, 153.64, 100, NYSE, 20000020
09:33:46.977, TRADE, IBM, 153.60, 20, NYSE, a0000020
09:33:46.978, TRADE NB, IBM, 153.58, 300, NYSE, 20000020
09:33:46.978, TRADE NB, IBM, 153.57, 180, NYSE, 20000020
09:33:46.978, TRADE, IBM, 153.65, 35, ARCA, a0000020
09:33:46.978, TRADE NB, IBM, 153.59, 200, ARCA, 20000020
09:33:46.978, TRADE NB, IBM, 153.65, 100, BATS, 00000001
09:33:46.979, TRADE, IBM, 153.65, 41, NASDAQ, a0000020
09:33:46.979, TRADE, IBM, 153.65, 9, NASDAQ, a0000020
09:33:46.979, TRADE, IBM, 153.65, 91, NASDAQ, 80000000
09:33:46.979, TRADE NB, IBM, 153.56, 100, NYSE, 00000001
09:33:46.980, TRADE NB, IBM, 153.56, 100, NYSE, 00000001
09:33:47.315, TRADE NB, IBM, 153.65, 100, FINRA, 00000001
09:33:50.482, TRADE NB, IBM, 153.68, 100, ARCA, 20000020
09:33:50.483, TRADE NB, IBM, 153.70, 100, EDGX, 20000020
09:33:50.483, TRADE NB, IBM, 153.70, 100, NYSE, 20000020
09:33:50.483, TRADE NB, IBM, 153.70, 100, ARCA, 20000020
09:33:50.483, TRADE NB, IBM, 153.70, 100, NASDAQ, 00000001
09:33:50.483, TRADE, IBM, 153.70, 86, NASDAQ PSX, a0000020
09:33:50.483, TRADE NB, IBM, 153.70, 100, NASDAQ, 00000001
09:33:50.483, TRADE NB, IBM, 153.68, 100, BATS, 20000020
09:33:50.483, TRADE, IBM, 153.70, 37, EDGX, a0000020
09:33:50.483, TRADE NB, IBM, 153.70, 100, ARCA, 20000020
09:33:50.483, TRADE NB, IBM, 153.70, 100, BATS, 00000001
09:33:50.483, TRADE NB, IBM, 153.70, 100, ARCA, 20000020
09:33:50.483, TRADE NB, IBM, 153.70, 100, ARCA, 20000020
09:33:50.483, TRADE NB, IBM, 153.70, 100, BATS, 00000001
09:33:50.483, TRADE NB, IBM, 153.70, 100, NASDAQ, 20000020
09:33:50.483, TRADE NB, IBM, 153.70, 100, ARCA, 20000020
09:33:50.483, TRADE NB, IBM, 153.70, 100, NASDAQ, 20000020
09:33:50.484, TRADE NB, IBM, 153.70, 200, ARCA, 00000001
09:33:50.484, TRADE NB, IBM, 153.70, 100, NASDAQ, 20000020
09:33:50.485, TRADE NB, IBM, 153.70, 100, NASDAQ, 00000001
09:33:50.485, TRADE, IBM, 153.71, 15, ARCA, a0000020
09:33:50.487, TRADE, IBM, 153.70, 21, NASDAQ, 80000000
09:33:50.493, TRADE, IBM, 153.70, 79, NASDAQ, 80000000
09:33:50.494, TRADE NB, IBM, 153.71, 100, ARCA, 00000001
09:33:50.496, TRADE NB, IBM, 153.71, 100, ARCA, 00000001
09:33:50.535, TRADE, IBM, 153.71, 85, ARCA, a0000020
09:33:50.994, TRADE NB, IBM, 153.72, 100, ARCA, 00000001
09:33:51.591, TRADE NB, IBM, 153.72, 100, ARCA, 00000001
09:33:53.624, TRADE NB, IBM, 153.82, 100, BATS, 00000001
09:33:54.306, TRADE, IBM, 153.68, 10, FINRA, 80000000
09:34:03.706, TRADE NB, IBM, 153.91, 100, BATS Y, 00000001
09:34:03.706, TRADE NB, IBM, 153.91, 100, BATS Y, 00000001
09:34:03.706, TRADE NB, IBM, 153.91, 100, NASDAQ BX, 00000001
09:34:03.706, TRADE NB, IBM, 153.91, 100, NASDAQ BX, 00000001
09:34:05.433, TRADE, IBM, 153.88, 38, NYSE, a0000020
09:34:05.433, TRADE, IBM, 153.88, 46, NYSE, a0000020
09:34:06.280, TRADE, IBM, 153.83, 14, FINRA, 80000000
09:34:08.353, TRADE, IBM, 153.96, 2, FINRA, 80000000
09:34:09.531, TRADE, IBM, 153.96, 5, FINRA, 80000000
09:34:12.239, TRADE NB, IBM, 153.95, 100, NASDAQ BX, 00000001
09:34:23.194, TRADE, IBM, 153.91, 2, FINRA, 80000000
09:34:23.224, TRADE NB, IBM, 153.95, 100, BATS Y, 00000001
09:34:23.224, TRADE NB, IBM, 153.95, 100, EDGA, 00000001
09:34:23.224, TRADE NB, IBM, 153.95, 100, NASDAQ BX, 00000001
09:34:23.314, TRADE NB, IBM, 153.96, 200, NYSE, 20000020
09:34:23.315, TRADE NB, IBM, 153.96, 100, NASDAQ, 00000001
09:34:23.315, TRADE NB, IBM, 153.96, 100, NASDAQ, 00000001
09:34:24.979, TRADE NB, IBM, 153.95, 1500, FINRA, 00000001
09:34:25.249, TRADE NB, IBM, 154.00, 300, FINRA, 00000001
09:34:25.301, TRADE NB, IBM, 154.00, 200, FINRA, 00000001
09:34:33.216, TRADE, IBM, 153.98, 10, NASDAQ, 80000000
09:34:33.326, TRADE NB, IBM, 154.00, 100, ARCA, 20000020
09:34:33.327, TRADE NB, IBM, 154.00, 100, NYSE, 20000020
09:34:33.327, TRADE NB, IBM, 154.00, 100, BATS, 00000001
09:34:33.327, TRADE NB, IBM, 154.00, 100, ARCA, 20000020
09:34:33.327, TRADE NB, IBM, 154.00, 100, NASDAQ, 00000001
09:34:33.327, TRADE, IBM, 154.00, 10, NASDAQ, 80000000
09:34:33.327, TRADE, IBM, 154.00, 15, NASDAQ, a0000020
09:34:33.330, TRADE NB, IBM, 154.00, 100, FINRA, 00000001
09:34:33.341, TRADE NB, IBM, 154.00, 200, FINRA, 20000020
09:34:33.597, TRADE NB, IBM, 153.94, 100, NYSE, 00000001
09:34:33.597, TRADE NB, IBM, 153.93, 100, NYSE, 00000001
09:34:37.033, TRADE NB, IBM, 153.93, 100, EDGA, 00000001
09:34:37.033, TRADE NB, IBM, 153.96, 200, NASDAQ, 00000001
09:34:37.034, TRADE NB, IBM, 153.93, 100, NASDAQ, 00000001
09:34:37.035, TRADE NB, IBM, 153.94, 100, ARCA, 20000020
09:34:37.035, TRADE NB, IBM, 153.93, 200, NASDAQ, 20000020
09:34:37.035, TRADE NB, IBM, 153.93, 200, BATS Y, 20000020
09:34:37.035, TRADE NB, IBM, 153.93, 100, ARCA, 20000020
09:34:37.035, TRADE NB, IBM, 153.94, 100, BATS, 20000020
09:34:37.035, TRADE NB, IBM, 153.93, 100, NASDAQ, 20000020
09:34:37.035, TRADE NB, IBM, 153.93, 100, NASDAQ, 20000020
09:34:37.035, TRADE NB, IBM, 153.93, 200, NASDAQ, 20000020
09:34:37.035, TRADE NB, IBM, 153.93, 100, NASDAQ, 20000020
09:34:37.036, TRADE, IBM, 153.94, 50, BATS, a0000020
09:34:37.036, TRADE NB, IBM, 153.92, 100, BATS, 00000001
09:34:37.037, TRADE NB, IBM, 153.92, 100, BATS, 00000001
09:34:37.037, TRADE NB, IBM, 153.96, 100, FINRA, 00000001
09:34:37.037, TRADE NB, IBM, 153.93, 100, NASDAQ, 20000020
09:34:37.038, TRADE, IBM, 153.91, 40, NASDAQ BX, a0000020
09:34:37.041, TRADE NB, IBM, 153.91, 167, EDGX, 20000020
09:34:37.041, TRADE NB, IBM, 153.91, 200, NASDAQ BX, 20000020
09:34:37.041, TRADE NB, IBM, 153.91, 100, EDGX, 20000020
09:34:37.041, TRADE, IBM, 153.91, 33, EDGX, a0000020
09:34:37.041, TRADE, IBM, 153.91, 60, NASDAQ BX, a0000020
09:34:37.042, TRADE, IBM, 153.90, 67, NASDAQ, a0000020
09:34:37.042, TRADE NB, IBM, 153.91, 100, EDGX, 20000020
09:34:37.043, TRADE NB, IBM, 153.93, 100, FINRA, 00000001
09:34:37.043, TRADE, IBM, 153.90, 33, NASDAQ, a0000020
09:34:37.043, TRADE NB, IBM, 153.90, 100, NASDAQ, 20000020
09:34:37.043, TRADE, IBM, 153.90, 67, NASDAQ, a0000020
09:34:37.044, TRADE, IBM, 153.90, 33, NASDAQ, a0000020
09:34:37.044, TRADE, IBM, 153.92, 90, FINRA, a0000020
09:34:37.045, TRADE, IBM, 153.89, 67, NASDAQ, a0000020
09:34:37.045, TRADE, IBM, 153.89, 33, NASDAQ, a0000020
09:34:37.055, TRADE, IBM, 153.92, 10, FINRA, a0000020
09:34:37.336, TRADE NB, IBM, 153.82, 100, NASDAQ, 00000001
09:34:39.027, TRADE, IBM, 153.99, 1, FINRA, 80000000
09:34:42.189, TRADE, IBM, 153.86, 2, FINRA, 80000000
09:34:43.018, TRADE NB, IBM, 153.81, 200, NYSE, 00000001
09:34:43.022, TRADE NB, IBM, 153.81, 100, BATS, 00000001
09:34:45.480, TRADE, IBM, 153.81, 40, FINRA, 80000000
09:35:00.133, TRADE, IBM, 153.77, 1, FINRA, 80000000
09:35:03.580, TRADE NB, IBM, 153.76, 100, BATS Y, 00000001
09:35:03.814, TRADE NB, IBM, 153.70, 100, FINRA, 00000001
09:35:11.686, TRADE NB, IBM, 153.70, 100, NYSE, 20000020
09:35:11.686, TRADE NB, IBM, 153.70, 100, ARCA, 20000020
09:35:11.686, TRADE NB, IBM, 153.70, 100, BATS Y, 00000001
09:35:11.686, TRADE NB, IBM, 153.70, 100, NASDAQ, 20000020
09:35:11.686, TRADE NB, IBM, 153.70, 200, NASDAQ, 20000020
09:35:11.686, TRADE, IBM, 153.70, 92, NASDAQ, a0000020
09:35:11.686, TRADE NB, IBM, 153.70, 100, NASDAQ, 20000020
09:35:11.688, TRADE NB, IBM, 153.69, 100, BATS, 20000020
09:35:11.688, TRADE NB, IBM, 153.69, 100, NASDAQ, 20000020
09:35:11.695, TRADE, IBM, 153.73, 96, FINRA, 80000000
09:35:11.703, TRADE NB, IBM, 153.67, 100, NYSE, 00000001
09:35:11.732, TRADE, IBM, 153.67, 25, NYSE, 80000000
09:35:11.733, TRADE NB, IBM, 153.65, 100, EDGX, 00000001
09:35:11.733, TRADE NB, IBM, 153.65, 100, EDGX, 00000001
09:35:11.887, TRADE NB, IBM, 153.67, 100, NASDAQ, 20000020
09:35:12.176, TRADE NB, IBM, 153.61, 100, BATS, 00000001
09:35:12.176, TRADE NB, IBM, 153.61, 100, BATS, 00000001
09:35:12.176, TRADE, IBM, 153.61, 2, ARCA, 80000000
09:35:12.177, TRADE, IBM, 153.61, 98, ARCA, 80000000
09:35:12.186, TRADE, IBM, 153.67, 1, FINRA, 80000000
09:35:12.191, TRADE, IBM, 153.67, 1, FINRA, 80000000
09:35:14.732, TRADE NB, IBM, 153.55, 100, FINRA, 00000001
09:35:18.487, TRADE, IBM, 153.67, 50, FINRA, 80000000
09:35:21.302, TRADE, IBM, 153.67, 25, FINRA, 80000000
09:35:23.698, TRADE, IBM, 153.66, 28, FINRA, 80000000
09:35:24.397, TRADE, IBM, 153.66, 75, FINRA, 80000000
09:35:24.418, TRADE, IBM, 153.61, 31, FINRA, 80000000
09:35:24.445, TRADE NB, IBM, 153.55, 100, FINRA, 00000001
09:35:25.792, TRADE NB, IBM, 153.61, 100, FINRA, 00000001
09:35:27.388, TRADE, IBM, 153.56, 14, NYSE, 80000000
09:35:27.389, TRADE NB, IBM, 153.56, 186, NYSE, 20000020
09:35:27.389, TRADE NB, IBM, 153.56, 100, EDGX, 20000020
09:35:28.614, TRADE NB, IBM, 153.60, 100, FINRA, 00000001
09:35:28.676, TRADE NB, IBM, 153.60, 100, FINRA, 00000001
09:35:31.519, TRADE NB, IBM, 153.59, 177, BATS, 00000001
09:35:31.526, TRADE, IBM, 153.58, 23, NASDAQ, a0000020
09:35:32.919, TRADE NB, IBM, 153.59, 100, ARCA, 00000001
09:35:32.925, TRADE NB, IBM, 153.55, 100, FINRA, 00000001
09:35:33.812, TRADE NB, IBM, 153.59, 100, ARCA, 00000001
09:35:33.813, TRADE NB, IBM, 153.55, 100, NYSE, 00000001
09:35:33.813, TRADE, IBM, 153.55, 50, NYSE, a0000020
09:35:33.813, TRADE NB, IBM, 153.55, 100, NASDAQ, 00000001
09:35:33.813, TRADE, IBM, 153.53, 50, NYSE, a0000020
09:35:33.813, TRADE NB, IBM, 153.55, 100, NASDAQ, 00000001
09:35:33.813, TRADE NB, IBM, 153.55, 100, NASDAQ, 00000001
09:35:33.874, TRADE, IBM, 153.54, 77, NYSE, a0000020
09:35:34.564, TRADE, IBM, 153.53, 26, NYSE, 80000000
09:35:36.482, TRADE, IBM, 153.58, 13, BATS, 80000000
09:35:36.482, TRADE, IBM, 153.59, 87, BATS, 80000000
09:35:36.484, TRADE, IBM, 153.58, 6, BATS, 80000000
09:35:36.484, TRADE, IBM, 153.59, 13, BATS, 80000000
09:35:36.492, TRADE, IBM, 153.58, 7, NASDAQ, a0000020
09:35:36.492, TRADE, IBM, 153.59, 74, NASDAQ, a0000020
09:35:36.494, TRADE NB, IBM, 153.59, 100, ARCA, 00000001
09:35:36.494, TRADE NB, IBM, 153.59, 100, NYSE, 00000001
09:35:36.500, TRADE, IBM, 153.59, 26, NASDAQ, a0000020
09:35:36.613, TRADE NB, IBM, 153.55, 174, ARCA, 20000020
09:35:36.613, TRADE NB, IBM, 153.55, 200, ARCA, 00000001
09:35:36.613, TRADE NB, IBM, 153.55, 1345, ARCA, 20000020
09:35:36.613, TRADE NB, IBM, 153.55, 126, ARCA, 00000001
09:35:36.614, TRADE, IBM, 153.55, 54, ARCA, 80000000
09:35:36.614, TRADE NB, IBM, 153.55, 100, ARCA, 20000020
09:35:36.614, TRADE NB, IBM, 153.55, 100, ARCA, 20000020
09:35:36.614, TRADE NB, IBM, 153.55, 401, ARCA, 20000020
09:35:36.617, TRADE, IBM, 153.61, 75, NASDAQ, 80000000
09:35:39.035, TRADE NB, IBM, 153.56, 146, FINRA, 00000001
09:35:41.344, TRADE NB, IBM, 153.56, 100, EDGA, 00000001
09:35:41.374, TRADE NB, IBM, 153.56, 100, NASDAQ, 20000020
09:35:41.374, TRADE NB, IBM, 153.56, 100, NASDAQ, 20000020
09:35:41.430, TRADE, IBM, 153.55, 5, NASDAQ, a0000020
09:35:41.442, TRADE, IBM, 153.55, 95, NASDAQ, 80000000
09:35:41.442, TRADE, IBM, 153.55, 5, NASDAQ, 80000000
09:35:41.442, TRADE, IBM, 153.55, 32, NASDAQ, a0000020
09:35:41.442, TRADE, IBM, 153.55, 63, NASDAQ, a0000020
09:35:42.199, TRADE NB, IBM, 153.55, 100, BATS, 00000001
09:35:42.638, TRADE, IBM, 153.55, 1, NASDAQ, a0000020
09:35:45.379, TRADE NB, IBM, 153.55, 100, BATS, 00000001
09:35:46.452, TRADE, IBM, 153.56, 5, FINRA, 80000000
09:35:48.278, TRADE NB, IBM, 153.54, 100, ARCA, 00000001
09:35:50.067, TRADE NB, IBM, 153.56, 100, ARCA, 00000001
09:35:50.070, TRADE NB, IBM, 153.56, 100, NASDAQ, 20000020
09:35:50.609, TRADE NB, IBM, 153.54, 100, EDGX, 00000001
09:35:50.609, TRADE NB, IBM, 153.54, 100, NASDAQ, 20000020
09:35:50.609, TRADE NB, IBM, 153.54, 500, ARCA, 20000020
09:35:50.609, TRADE NB, IBM, 153.54, 100, ARCA, 20000020
09:35:50.611, TRADE NB, IBM, 153.53, 100, BATS, 00000001
09:35:51.508, TRADE NB, IBM, 153.53, 100, NASDAQ, 20000020
09:35:51.514, TRADE NB, IBM, 153.52, 100, ARCA, 20000020
09:35:51.515, TRADE NB, IBM, 153.52, 200, NASDAQ, 00000001
09:35:51.515, TRADE NB, IBM, 153.52, 100, NASDAQ, 00000001
09:35:51.530, TRADE NB, IBM, 153.52, 100, NASDAQ, 20000020
09:35:52.177, TRADE, IBM, 153.52, 84, FINRA, 80000000
09:35:52.724, TRADE NB, IBM, 153.50, 200, EDGX, 00000001
09:35:52.724, TRADE, IBM, 153.51, 50, NYSE, 80000000
09:35:52.724, TRADE, IBM, 153.50, 15, NASDAQ, a0000020
09:35:52.724, TRADE, IBM, 153.50, 85, NASDAQ, a0000020
09:35:52.725, TRADE, IBM, 153.50, 20, NYSE, 80000000
09:35:52.725, TRADE, IBM, 153.50, 8, EDGX, 80000000
09:35:52.739, TRADE, IBM, 153.50, 42, FINRA, 80000000
09:35:52.740, TRADE NB, IBM, 153.50, 329, FINRA, 00000001
09:35:52.753, TRADE NB, IBM, 153.50, 100, NYSE, 00000001
09:35:53.639, TRADE, IBM, 153.50, 10, EDGX, a0000020
09:35:53.639, TRADE, IBM, 153.50, 20, EDGX, a0000020
09:35:53.639, TRADE, IBM, 153.50, 65, NYSE, 80000000
09:35:53.639, TRADE, IBM, 153.50, 50, NASDAQ, 80000000
09:35:53.642, TRADE, IBM, 153.50, 92, FINRA, 80000000
09:35:53.653, TRADE NB, IBM, 153.49, 100, BATS, 00000001
09:35:53.654, TRADE NB, IBM, 153.49, 100, BATS, 20000020
09:35:53.654, TRADE, IBM, 153.49, 38, BATS, a0000020
09:35:53.654, TRADE NB, IBM, 153.49, 100, BATS, 20000020
09:35:53.654, TRADE, IBM, 153.49, 38, BATS, a0000020
09:35:53.657, TRADE, IBM, 153.50, 8, FINRA, a0000020
09:35:53.657, TRADE NB, IBM, 153.49, 100, BATS, 00000001
09:35:53.659, TRADE NB, IBM, 153.50, 200, FINRA, 20000020
09:35:53.660, TRADE NB, IBM, 153.50, 100, FINRA, 20000020
09:35:53.722, TRADE NB, IBM, 153.49, 100, BATS, 20000020
09:35:53.751, TRADE NB, IBM, 153.49, 116, BATS, 00000001
09:35:53.795, TRADE NB, IBM, 153.49, 157, BATS, 00000001
09:35:54.182, TRADE, IBM, 153.49, 24, BATS, 80000000
09:35:54.184, TRADE NB, IBM, 153.49, 119, BATS, 00000001
09:35:54.184, TRADE, IBM, 153.49, 8, BATS, 80000000
09:35:54.474, TRADE, IBM, 153.45, 8, NYSE, a0000020
09:35:54.477, TRADE, IBM, 153.44, 92, NASDAQ, 80000000
09:35:54.477, TRADE NB, IBM, 153.42, 100, NASDAQ BX, 20000020
09:35:57.386, TRADE, IBM, 153.49, 59, FINRA, 80000000
09:35:57.965, TRADE, IBM, 153.49, 50, FINRA, 80000000
09:35:58.328, TRADE NB, IBM, 153.46, 300, FINRA, 00000001
09:36:01.774, TRADE NB, IBM, 153.45, 100, NASDAQ BX, 00000001
09:36:01.775, TRADE NB, IBM, 153.45, 100, BATS Y, 00000001
09:36:01.775, TRADE NB, IBM, 153.45, 100, EDGA, 00000001
09:36:01.833, TRADE NB, IBM, 153.45, 100, NASDAQ, 20000020
09:36:01.833, TRADE, IBM, 153.45, 37, NASDAQ, a0000020
09:36:01.833, TRADE NB, IBM, 153.45, 100, NASDAQ, 20000020
09:36:01.833, TRADE NB, IBM, 153.45, 100, NASDAQ, 20000020
09:36:01.856, TRADE NB, IBM, 153.45, 100, NASDAQ, 20000020
09:36:01.989, TRADE NB, IBM, 153.44, 100, NYSE, 00000001
09:36:02.512, TRADE NB, IBM, 153.45, 100, NASDAQ, 20000020
09:36:02.512, TRADE NB, IBM, 153.45, 200, NASDAQ, 20000020
09:36:02.512, TRADE NB, IBM, 153.45, 363, NASDAQ, 20000020
09:36:02.637, TRADE NB, IBM, 153.45, 137, FINRA, 00000001
09:36:03.390, TRADE NB, IBM, 153.49, 100, BATS, 20000020
09:36:03.498, TRADE NB, IBM, 153.49, 100, BATS, 00000001
09:36:08.424, TRADE NB, IBM, 153.50, 100, NYSE, 00000001
09:36:08.425, TRADE NB, IBM, 153.50, 100, NASDAQ BX, 20000020
09:36:08.425, TRADE NB, IBM, 153.50, 100, BATS Y, 20000020
09:36:10.219, TRADE NB, IBM, 153.46, 100, NASDAQ, 00000001
09:36:10.220, TRADE, IBM, 153.46, 75, NASDAQ, 80000000
09:36:10.220, TRADE NB, IBM, 153.46, 100, NYSE, 00000001
09:36:12.592, TRADE, IBM, 153.50, 73, FINRA, 80000000
09:36:14.814, TRADE NB, IBM, 153.46, 100, NYSE, 00000001
09:36:14.814, TRADE NB, IBM, 153.46, 100, ARCA, 20000020
09:36:14.814, TRADE NB, IBM, 153.46, 100, EDGX, 20000020
09:36:14.814, TRADE, IBM, 153.46, 37, EDGX, a0000020
09:36:14.814, TRADE NB, IBM, 153.46, 100, BATS, 00000001
09:36:14.814, TRADE NB, IBM, 153.46, 100, BATS, 00000001
09:36:14.815, TRADE NB, IBM, 153.46, 100, BATS, 20000020
09:36:14.815, TRADE NB, IBM, 153.46, 100, BATS Y, 20000020
09:36:14.815, TRADE NB, IBM, 153.46, 100, NASDAQ, 20000020
09:36:14.815, TRADE, IBM, 153.46, 25, NASDAQ, a0000020
09:36:14.815, TRADE NB, IBM, 153.46, 200, NASDAQ, 20000020
09:36:14.815, TRADE NB, IBM, 153.46, 100, NASDAQ, 20000020
09:36:14.815, TRADE NB, IBM, 153.46, 100, NASDAQ, 20000020
09:36:14.816, TRADE NB, IBM, 153.45, 100, NASDAQ, 00000001
09:36:14.816, TRADE NB, IBM, 153.48, 100, FINRA, 00000001
09:36:14.816, TRADE NB, IBM, 153.46, 100, FINRA, 00000001
09:36:14.841, TRADE NB, IBM, 153.46, 100, NASDAQ, 00000001
09:36:15.065, TRADE NB, IBM, 153.44, 100, NASDAQ, 20000020
09:36:15.065, TRADE NB, IBM, 153.44, 100, NASDAQ, 20000020
09:36:15.066, TRADE NB, IBM, 153.46, 100, FINRA, 00000001
09:36:15.999, TRADE, IBM, 153.42, 50, FINRA, 80000000
09:36:19.457, TRADE NB, IBM, 153.40, 200, NYSE, 00000001
09:36:19.460, TRADE NB, IBM, 153.40, 153, NASDAQ, 20000020
09:36:20.485, TRADE NB, IBM, 153.39, 100, NASDAQ, 00000001
09:36:20.486, TRADE NB, IBM, 153.37, 200, NASDAQ, 20000020
09:36:20.506, TRADE NB, IBM, 153.39, 100, EDGX, 20000020
09:36:21.081, TRADE NB, IBM, 153.40, 800, FINRA, 00000001
09:36:28.284, TRADE, IBM, 153.36, 10, NYSE, 80000000
09:36:28.284, TRADE, IBM, 153.34, 90, NYSE, 80000000
09:36:30.196, TRADE, IBM, 153.42, 10, FINRA, 80000000
09:36:33.817, TRADE NB, IBM, 153.37, 100, ARCA, 00000001
09:36:33.818, TRADE, IBM, 153.41, 70, ARCA, 80000000
09:36:33.961, TRADE NB, IBM, 153.30, 105, FINRA, 00000001
09:36:36.117, TRADE NB, IBM, 153.30, 100, FINRA, 00000001
09:36:36.125, TRADE NB, IBM, 153.30, 200, FINRA, 00000001
09:36:36.129, TRADE NB, IBM, 153.30, 100, FINRA, 00000001
09:36:40.864, TRADE NB, IBM, 153.39, 100, FINRA, 00000001
09:36:40.866, TRADE NB, IBM, 153.40, 100, FINRA, 00000001
09:36:40.867, TRADE NB, IBM, 153.40, 100, FINRA, 00000001
09:36:40.871, TRADE NB, IBM, 153.40, 100, FINRA, 00000001
09:36:40.872, TRADE NB, IBM, 153.40, 200, FINRA, 00000001
09:36:40.873, TRADE NB, IBM, 153.40, 100, FINRA, 00000001
09:36:40.873, TRADE NB, IBM, 153.40, 300, FINRA, 00000001
09:36:42.340, TRADE NB, IBM, 153.37, 100, BATS, 00000001
09:36:42.346, TRADE NB, IBM, 153.40, 100, ARCA, 00000001
09:36:42.346, TRADE NB, IBM, 153.40, 100, EDGX, 20000020
09:36:42.346, TRADE NB, IBM, 153.40, 100, EDGA, 20000020
09:36:42.346, TRADE NB, IBM, 153.40, 100, NASDAQ, 00000001
09:36:42.346, TRADE NB, IBM, 153.40, 100, NASDAQ BX, 20000020
09:36:42.346, TRADE NB, IBM, 153.40, 100, BATS Y, 20000020
09:36:42.346, TRADE NB, IBM, 153.40, 100, BATS, 20000020
09:36:42.346, TRADE NB, IBM, 153.42, 100, ARCA, 20000020
09:36:42.346, TRADE NB, IBM, 153.42, 100, ARCA, 20000020
09:36:42.346, TRADE NB, IBM, 153.42, 100, ARCA, 20000020
09:36:42.347, TRADE NB, IBM, 153.42, 200, NASDAQ, 20000020
09:36:42.347, TRADE, IBM, 153.40, 20, ARCA, 80000000
09:36:42.347, TRADE NB, IBM, 153.42, 100, ARCA, 00000001
09:36:42.347, TRADE NB, IBM, 153.40, 100, FINRA, 00000001
09:36:42.348, TRADE NB, IBM, 153.42, 100, ARCA, 20000020
09:36:42.348, TRADE NB, IBM, 153.45, 200, ARCA, 20000020
09:36:42.349, TRADE NB, IBM, 153.45, 100, BATS, 00000001
09:36:42.349, TRADE NB, IBM, 153.45, 100, NASDAQ, 00000001
09:36:42.349, TRADE, IBM, 153.45, 65, NASDAQ BX, a0000020
09:36:42.377, TRADE NB, IBM, 153.41, 100, NASDAQ, 00000001
09:36:45.510, TRADE, IBM, 153.40, 30, FINRA, 80000000
09:36:47.636, TRADE NB, IBM, 153.48, 100, BATS, 20000020
09:36:47.650, TRADE NB, IBM, 153.50, 100, ARCA, 20000020
09:36:47.650, TRADE, IBM, 153.50, 1, BATS, a0000020
09:36:47.672, TRADE NB, IBM, 153.52, 100, NYSE, 00000001
09:36:47.672, TRADE, IBM, 153.52, 11, NYSE, 80000000
09:36:47.673, TRADE NB, IBM, 153.52, 100, NASDAQ, 00000001
09:36:47.676, TRADE, IBM, 153.52, 99, NASDAQ, a0000020
09:36:47.676, TRADE, IBM, 153.52, 1, NASDAQ, a0000020
09:36:48.533, TRADE NB, IBM, 153.56, 100, ARCA, 00000001
09:36:48.533, TRADE NB, IBM, 153.56, 100, ARCA, 20000020
09:36:48.732, TRADE NB, IBM, 153.64, 100, NYSE, 20000020
09:36:49.042, TRADE NB, IBM, 153.67, 100, ARCA, 00000001
09:36:50.151, TRADE NB, IBM, 153.67, 100, NASDAQ BX, 20000020
09:36:53.828, TRADE, IBM, 153.74, 3, BATS Y, a0000020
09:36:54.142, TRADE NB, IBM, 153.73, 300, FINRA, 00000001
09:36:54.153, TRADE, IBM, 153.74, 12, BATS Y, 80000000
09:36:54.900, TRADE, IBM, 153.58, 50, FINRA, 80000000
09:36:55.499, TRADE, IBM, 153.58, 15, FINRA, 80000000
09:36:55.600, TRADE NB, IBM, 153.74, 100, EDGA, 00000001
09:36:55.601, TRADE, IBM, 153.74, 85, BATS Y, 80000000
09:36:55.601, TRADE, IBM, 153.74, 62, BATS Y, 80000000
09:36:55.601, TRADE, IBM, 153.74, 53, BATS Y, 80000000
09:36:55.601, TRADE NB, IBM, 153.74, 100, NASDAQ BX, 00000001
09:36:55.601, TRADE NB, IBM, 153.74, 100, NASDAQ BX, 00000001
09:36:58.957, TRADE NB, IBM, 153.59, 100, FINRA, 00000001
09:36:58.958, TRADE NB, IBM, 153.64, 100, FINRA, 00000001
09:36:58.958, TRADE NB, IBM, 153.59, 100, FINRA, 00000001
09:36:58.958, TRADE NB, IBM, 153.62, 100, FINRA, 00000001
09:36:58.959, TRADE NB, IBM, 153.66, 100, EDGA, 20000020
09:36:58.960, TRADE NB, IBM, 153.66, 100, NASDAQ BX, 20000020
09:36:58.960, TRADE NB, IBM, 153.63, 200, NYSE, 20000020
09:36:58.960, TRADE NB, IBM, 153.67, 100, BATS, 20000020
09:36:58.976, TRADE NB, IBM, 153.63, 100, FINRA, 20000020
09:37:08.379, TRADE NB, IBM, 153.73, 100, ARCA, 00000001
09:37:08.379, TRADE NB, IBM, 153.73, 100, ARCA, 20000020
09:37:08.379, TRADE NB, IBM, 153.73, 100, ARCA, 20000020
09:37:08.381, TRADE NB, IBM, 153.74, 100, ARCA, 20000020
09:37:08.389, TRADE, IBM, 153.75, 2, BATS, 80000000
09:37:08.389, TRADE, IBM, 153.75, 1, NASDAQ, 80000000
09:37:08.399, TRADE NB, IBM, 153.75, 100, BATS, 00000001
09:37:08.450, TRADE NB, IBM, 153.78, 100, NASDAQ, 00000001
09:37:08.450, TRADE, IBM, 153.79, 92, ARCA, a0000020
09:37:08.450, TRADE NB, IBM, 153.78, 100, NASDAQ, 00000001
09:37:08.454, TRADE NB, IBM, 153.79, 100, ARCA, 00000001
09:37:08.455, TRADE, IBM, 153.79, 8, ARCA, a0000020
09:37:11.018, TRADE NB, IBM, 153.81, 100, NASDAQ, 20000020
09:37:11.020, TRADE NB, IBM, 153.81, 100, NASDAQ, 20000020
09:37:11.114, TRADE, IBM, 153.82, 42, ARCA, 80000000
09:37:11.114, TRADE, IBM, 153.82, 58, ARCA, a0000020
09:37:11.138, TRADE NB, IBM, 153.84, 124, FINRA, 00000001
09:37:11.141, TRADE NB, IBM, 153.84, 207, FINRA, 00000001
09:37:11.147, TRADE, IBM, 153.84, 41, FINRA, 80000000
09:37:11.147, TRADE NB, IBM, 153.84, 166, FINRA, 00000001
09:37:11.193, TRADE NB, IBM, 153.84, 700, NASDAQ PSX, 00000001
09:37:11.203, TRADE NB, IBM, 153.84, 120, FINRA, 00000001
09:37:11.423, TRADE NB, IBM, 153.84, 100, ARCA, 00000001
09:37:11.423, TRADE NB, IBM, 153.84, 100, NASDAQ, 00000001
09:37:11.423, TRADE NB, IBM, 153.84, 100, NASDAQ, 00000001
09:37:11.618, TRADE, IBM, 153.85, 6, ARCA, a0000020
09:37:11.638, TRADE, IBM, 153.85, 94, ARCA, 80000000
09:37:12.069, TRADE, IBM, 153.84, 1, FINRA, 80000000
09:37:12.449, TRADE NB, IBM, 153.87, 300, EDGX, 20000020
09:37:12.449, TRADE, IBM, 153.87, 57, EDGX, a0000020
09:37:13.007, TRADE NB, IBM, 153.89, 100, NYSE, 00000001
09:37:14.028, TRADE, IBM, 153.85, 6, ARCA, a0000020
09:37:14.029, TRADE NB, IBM, 153.89, 100, ARCA, 00000001
09:37:14.029, TRADE NB, IBM, 153.85, 100, BATS Y, 20000020
09:37:14.029, TRADE NB, IBM, 153.89, 100, ARCA, 20000020
09:37:14.029, TRADE NB, IBM, 153.85, 100, NASDAQ BX, 20000020
09:37:14.029, TRADE NB, IBM, 153.89, 100, NYSE, 20000020
09:37:14.030, TRADE NB, IBM, 153.84, 100, EDGX, 20000020
09:37:14.031, TRADE NB, IBM, 153.84, 200, EDGX, 20000020
09:37:14.031, TRADE NB, IBM, 153.84, 100, ARCA, 20000020
09:37:14.031, TRADE NB, IBM, 153.85, 100, NYSE, 20000020
09:37:14.031, TRADE NB, IBM, 153.84, 800, NYSE, 20000020
09:37:14.031, TRADE NB, IBM, 153.84, 100, ARCA, 20000020
09:37:14.031, TRADE NB, IBM, 153.84, 100, BATS, 20000020
09:37:14.031, TRADE NB, IBM, 153.84, 100, BATS, 20000020
09:37:14.031, TRADE NB, IBM, 153.88, 300, NASDAQ, 20000020
09:37:14.031, TRADE NB, IBM, 153.85, 100, NASDAQ, 20000020
09:37:14.031, TRADE NB, IBM, 153.84, 100, NASDAQ, 20000020
09:37:14.031, TRADE NB, IBM, 153.84, 100, NASDAQ, 20000020
09:37:14.031, TRADE NB, IBM, 153.84, 100, NASDAQ, 20000020
09:37:14.031, TRADE NB, IBM, 153.84, 100, NASDAQ, 20000020
09:37:14.031, TRADE NB, IBM, 153.84, 100, NASDAQ, 20000020
09:37:14.031, TRADE NB, IBM, 153.84, 100, NASDAQ, 20000020
09:37:14.032, TRADE NB, IBM, 153.84, 200, NASDAQ, 20000020
09:37:14.032, TRADE NB, IBM, 153.84, 700, NASDAQ, 20000020
09:37:14.041, TRADE NB, IBM, 153.84, 194, FINRA, 20000020
09:37:14.124, TRADE NB, IBM, 153.85, 100, FINRA, 00000001
09:37:14.169, TRADE NB, IBM, 153.84, 100, FINRA, 00000001
09:37:16.814, TRADE NB, IBM, 153.94, 1000, FINRA, 00000001
09:37:16.854, TRADE NB, IBM, 153.98, 100, FINRA, 00000001
09:37:16.855, TRADE NB, IBM, 153.98, 100, FINRA, 00000001
09:37:17.866, TRADE, IBM, 153.85, 1, NASDAQ, 80000000
09:37:18.031, TRADE NB, IBM, 153.89, 100, BATS, 20000020
09:37:18.540, TRADE, IBM, 153.99, 8, FINRA, 80000000
09:37:19.912, TRADE NB, IBM, 153.98, 100, NASDAQ BX, 00000001
09:37:19.983, TRADE NB, IBM, 153.91, 150, FINRA, 00000001
09:37:20.280, TRADE NB, IBM, 153.98, 100, NYSE, 20000020
09:37:22.873, TRADE NB, IBM, 153.98, 200, FINRA, 00000001
09:37:22.951, TRADE NB, IBM, 153.99, 200, NYSE, 20000020
09:37:23.175, TRADE, IBM, 153.97, 4, FINRA, 80000000
09:37:24.078, TRADE, IBM, 153.91, 30, FINRA, 80000000
09:37:24.941, TRADE, IBM, 153.92, 1, BATS Y, a0000020
09:37:25.752, TRADE NB, IBM, 153.95, 108, FINRA, 00000001
09:37:26.029, TRADE, IBM, 153.98, 6, FINRA, 80000000
09:37:27.486, TRADE NB, IBM, 153.98, 100, BATS, 20000020
09:37:27.486, TRADE, IBM, 153.98, 20, NASDAQ, a0000020
09:37:27.486, TRADE NB, IBM, 153.99, 173, NYSE, 20000020
09:37:27.486, TRADE, IBM, 153.99, 1, NASDAQ, a0000020
09:37:27.486, TRADE, IBM, 153.99, 26, NASDAQ, a0000020
09:37:27.487, TRADE, IBM, 153.99, 73, NASDAQ, a0000020
09:37:27.489, TRADE NB, IBM, 153.98, 100, NYSE, 20000020
09:37:27.490, TRADE NB, IBM, 153.99, 100, BATS, 00000001
09:37:27.491, TRADE NB, IBM, 153.98, 100, NYSE, 00000001
09:37:27.589, TRADE NB, IBM, 153.99, 100, NASDAQ, 20000020
09:37:27.589, TRADE NB, IBM, 153.99, 100, NASDAQ, 20000020
09:37:28.517, TRADE NB, IBM, 153.98, 100, ARCA, 00000001
09:37:29.468, TRADE NB, IBM, 153.98, 100, FINRA, 00000001
09:37:30.444, TRADE NB, IBM, 154.00, 500, NYSE, 20000020
09:37:30.444, TRADE NB, IBM, 154.00, 190, EDGX, 20000020
09:37:30.444, TRADE NB, IBM, 154.00, 100, EDGX, 20000020
09:37:30.444, TRADE, IBM, 154.00, 50, EDGX, a0000020
09:37:30.445, TRADE, IBM, 154.00, 50, NYSE, a0000020
09:37:30.445, TRADE NB, IBM, 154.00, 100, EDGX, 20000020
09:37:30.445, TRADE, IBM, 154.00, 48, EDGX, a0000020
09:37:30.976, TRADE NB, IBM, 153.99, 200, FINRA, 00000001
09:37:31.246, TRADE NB, IBM, 154.00, 100, NYSE, 00000001
09:37:31.246, TRADE NB, IBM, 154.00, 200, BATS, 00000001
09:37:31.247, TRADE NB, IBM, 154.00, 200, NASDAQ, 00000001
09:37:31.249, TRADE NB, IBM, 154.00, 100, FINRA, 00000001
09:37:31.259, TRADE NB, IBM, 154.00, 200, FINRA, 00000001
09:37:32.808, TRADE NB, IBM, 153.99, 100, NYSE, 20000020
09:37:32.808, TRADE, IBM, 153.99, 26, ARCA, a0000020
09:37:32.809, TRADE NB, IBM, 153.99, 100, EDGX, 20000020
09:37:32.809, TRADE NB, IBM, 153.99, 100, ARCA, 20000020
09:37:32.809, TRADE NB, IBM, 153.99, 100, ARCA, 20000020
09:37:32.809, TRADE NB, IBM, 153.99, 100, ARCA, 20000020
09:37:32.809, TRADE, IBM, 153.99, 73, EDGX, a0000020
09:37:32.809, TRADE NB, IBM, 153.99, 100, NASDAQ, 00000001
09:37:32.809, TRADE NB, IBM, 153.99, 100, NASDAQ, 20000020
09:37:32.809, TRADE NB, IBM, 153.99, 100, NASDAQ, 20000020
09:37:32.809, TRADE NB, IBM, 153.99, 200, NASDAQ, 20000020
09:37:32.809, TRADE NB, IBM, 153.99, 100, BATS, 20000020
09:37:32.809, TRADE NB, IBM, 153.99, 100, BATS, 20000020
09:37:32.809, TRADE NB, IBM, 153.99, 200, NASDAQ, 00000001
09:37:32.810, TRADE NB, IBM, 153.98, 100, NASDAQ BX, 20000020
09:37:32.811, TRADE NB, IBM, 153.98, 100, NASDAQ BX, 20000020
09:37:32.819, TRADE NB, IBM, 153.99, 100, FINRA, 20000020
09:37:32.951, TRADE, IBM, 153.98, 18, NASDAQ, 80000000
09:37:32.951, TRADE NB, IBM, 153.98, 100, BATS, 20000020
09:37:32.958, TRADE, IBM, 153.98, 82, NASDAQ, a0000020
09:37:32.958, TRADE NB, IBM, 153.98, 100, NASDAQ, 20000020
09:37:32.965, TRADE NB, IBM, 153.97, 100, ARCA, 20000020
09:37:32.965, TRADE NB, IBM, 153.97, 100, BATS, 20000020
09:37:32.965, TRADE, IBM, 153.97, 66, BATS, a0000020
09:37:32.965, TRADE, IBM, 153.97, 34, BATS, a0000020
09:37:33.899, TRADE NB, IBM, 153.94, 100, NYSE, 00000001
09:37:33.900, TRADE, IBM, 153.94, 66, NASDAQ, a0000020
09:37:33.900, TRADE, IBM, 153.94, 34, NASDAQ, a0000020
09:37:42.714, TRADE NB, IBM, 153.96, 100, FINRA, 00000001
09:37:42.715, TRADE NB, IBM, 153.96, 100, FINRA, 00000001
09:37:42.749, TRADE NB, IBM, 153.96, 100, FINRA, 00000001
09:37:42.753, TRADE, IBM, 153.96, 10, EDGX, a0000020
09:37:42.753, TRADE NB, IBM, 153.96, 100, BATS, 20000020
09:37:42.754, TRADE NB, IBM, 153.94, 100, NASDAQ, 20000020
09:37:42.754, TRADE NB, IBM, 153.94, 100, NASDAQ, 20000020
09:37:42.947, TRADE, IBM, 153.98, 20, BATS Y, 80000000
09:37:42.961, TRADE, IBM, 153.98, 80, FINRA, 80000000
09:37:43.182, TRADE, IBM, 153.92, 99, ARCA, 80000000
09:37:48.114, TRADE, IBM, 153.99, 10, ARCA, a0000020
09:37:48.114, TRADE NB, IBM, 154.01, 100, BATS, 00000001
09:37:48.114, TRADE, IBM, 153.99, 80, NASDAQ, a0000020
09:37:48.115, TRADE, IBM, 154.01, 80, NYSE, a0000020
09:37:48.116, TRADE, IBM, 154.01, 20, NYSE, 80000000
09:37:48.116, TRADE NB, IBM, 154.01, 100, ARCA, 00000001
09:37:48.116, TRADE, IBM, 154.01, 66, NYSE, a0000020
09:37:48.117, TRADE, IBM, 154.01, 1, NYSE, 80000000
09:37:48.117, TRADE, IBM, 154.01, 13, NYSE, a0000020
09:37:48.118, TRADE NB, IBM, 154.03, 100, NASDAQ, 00000001
09:37:48.118, TRADE NB, IBM, 154.03, 100, BATS, 00000001
09:37:48.172, TRADE NB, IBM, 154.04, 100, BATS, 00000001
09:37:48.172, TRADE, IBM, 154.03, 10, NASDAQ, 80000000
09:37:48.605, TRADE, IBM, 153.99, 21, FINRA, 80000000
09:37:48.974, TRADE, IBM, 153.99, 38, BATS, a0000020
09:37:48.975, TRADE, IBM, 153.99, 62, BATS, a0000020
09:37:51.334, TRADE NB, IBM, 154.04, 100, ARCA, 00000001
09:37:51.335, TRADE NB, IBM, 154.04, 100, ARCA, 20000020
09:37:51.335, TRADE NB, IBM, 154.04, 100, NASDAQ, 00000001
09:37:51.773, TRADE, IBM, 154.03, 10, FINRA, 80000000
09:37:51.821, TRADE NB, IBM, 154.08, 100, ARCA, 00000001
09:37:51.933, TRADE NB, IBM, 154.10, 100, NYSE, 00000001
09:37:51.933, TRADE NB, IBM, 154.11, 100, NYSE, 00000001
09:37:51.933, TRADE NB, IBM, 154.14, 200, NYSE, 20000020
09:37:51.933, TRADE NB, IBM, 154.15, 300, NYSE, 20000020
09:37:51.934, TRADE NB, IBM, 154.10, 200, ARCA, 20000020
09:37:51.934, TRADE NB, IBM, 154.12, 100, ARCA, 20000020
09:37:51.934, TRADE, IBM, 154.08, 10, EDGX, a0000020
09:37:51.935, TRADE, IBM, 154.08, 1, NASDAQ, a0000020
09:37:51.935, TRADE, IBM, 154.11, 99, NASDAQ, a0000020
09:37:51.935, TRADE, IBM, 154.10, 1, BATS, a0000020
09:37:51.941, TRADE NB, IBM, 154.13, 100, EDGA, 00000001
09:37:52.225, TRADE NB, IBM, 154.13, 100, NASDAQ, 00000001
09:37:52.247, TRADE NB, IBM, 154.14, 100, NASDAQ, 00000001
09:37:52.255, TRADE, IBM, 154.14, 10, NASDAQ, a0000020
09:37:52.264, TRADE, IBM, 154.16, 27, NASDAQ, a0000020
09:37:52.265, TRADE NB, IBM, 154.17, 106, EDGX, 20000020
09:37:52.265, TRADE NB, IBM, 154.17, 100, NASDAQ, 20000020
09:37:52.267, TRADE NB, IBM, 154.17, 100, NASDAQ, 20000020
09:37:52.594, TRADE NB, IBM, 154.18, 100, NYSE, 00000001
09:37:52.594, TRADE NB, IBM, 154.16, 500, NYSE, 00000001
09:37:52.640, TRADE NB, IBM, 154.16, 100, FINRA, 00000001
09:37:53.242, TRADE NB, IBM, 154.16, 100, NYSE, 00000001
09:37:53.242, TRADE, IBM, 154.16, 10, NYSE, a0000020
09:37:55.239, TRADE, IBM, 154.20, 10, NYSE, a0000020
09:37:57.936, TRADE NB, IBM, 154.31, 100, FINRA, 00000001
09:37:57.938, TRADE NB, IBM, 154.30, 100, FINRA, 00000001
09:37:57.940, TRADE, IBM, 154.30, 50, FINRA, 80000000
09:37:59.907, TRADE NB, IBM, 154.29, 200, FINRA, 00000001
09:37:59.909, TRADE NB, IBM, 154.30, 100, FINRA, 00000001
09:38:01.113, TRADE NB, IBM, 154.30, 100, BATS Y, 00000001
09:38:03.087, TRADE, IBM, 154.17, 55, FINRA, 80000000
09:38:09.899, TRADE, IBM, 154.31, 40, FINRA, 80000000
09:38:09.955, TRADE NB, IBM, 154.30, 100, NASDAQ BX, 00000001
09:38:15.005, TRADE NB, IBM, 154.18, 300, FINRA, 00000001
09:38:15.007, TRADE NB, IBM, 154.18, 300, FINRA, 00000001
09:38:15.010, TRADE, IBM, 154.19, 87, FINRA, 80000000
09:38:15.687, TRADE, IBM, 154.30, 98, BATS Y, 80000000
09:38:18.781, TRADE NB, IBM, 154.20, 100, NYSE, 00000001
09:38:18.781, TRADE NB, IBM, 154.17, 100, NYSE, 00000001
09:38:18.782, TRADE NB, IBM, 154.17, 100, NYSE, 00000001
09:38:18.783, TRADE NB, IBM, 154.17, 100, ARCA, 20000020
09:38:18.783, TRADE, IBM, 154.17, 55, EDGA, a0000020
09:38:18.783, TRADE NB, IBM, 154.17, 100, EDGA, 20000020
09:38:18.783, TRADE NB, IBM, 154.17, 100, ARCA, 00000001
09:38:18.783, TRADE NB, IBM, 154.17, 100, BATS Y, 20000020
09:38:18.784, TRADE NB, IBM, 154.17, 100, NASDAQ, 20000020
09:38:18.784, TRADE NB, IBM, 154.17, 100, BATS Y, 00000001
09:38:18.784, TRADE NB, IBM, 154.17, 100, BATS, 20000020
09:38:18.784, TRADE NB, IBM, 154.17, 100, NASDAQ, 20000020
09:38:18.784, TRADE NB, IBM, 154.17, 100, BATS Y, 00000001
09:38:18.784, TRADE NB, IBM, 154.17, 100, NASDAQ BX, 20000020
09:38:18.784, TRADE NB, IBM, 154.17, 100, BATS, 00000001
09:38:18.784, TRADE NB, IBM, 154.16, 140, NYSE, 20000020
09:38:18.785, TRADE, IBM, 154.14, 60, NASDAQ, a0000020
09:38:18.785, TRADE, IBM, 154.14, 40, NASDAQ, a0000020
09:38:18.785, TRADE, IBM, 154.14, 60, NASDAQ, a0000020
09:38:18.785, TRADE, IBM, 154.14, 38, NASDAQ, a0000020
09:38:18.785, TRADE, IBM, 154.14, 2, NASDAQ, a0000020
09:38:18.785, TRADE NB, IBM, 154.12, 100, NASDAQ, 20000020
09:38:18.786, TRADE NB, IBM, 154.17, 100, FINRA, 00000001
09:38:18.787, TRADE NB, IBM, 154.11, 100, BATS, 00000001
09:38:19.124, TRADE NB, IBM, 154.07, 100, NASDAQ, 20000020
09:38:19.856, TRADE NB, IBM, 154.13, 800, FINRA, 00000001
09:38:20.571, TRADE NB, IBM, 154.13, 200, FINRA, 00000001
09:38:20.910, TRADE NB, IBM, 154.05, 100, EDGA, 20000020
09:38:20.910, TRADE NB, IBM, 154.05, 200, NYSE, 20000020
09:38:20.911, TRADE NB, IBM, 154.05, 100, NASDAQ BX, 20000020
09:38:20.911, TRADE, IBM, 154.05, 19, NYSE, a0000020
09:38:22.188, TRADE, IBM, 153.95, 50, FINRA, 80000000
09:38:31.716, TRADE NB, IBM, 154.00, 417, FINRA, 00000001
09:38:31.722, TRADE NB, IBM, 154.04, 100, FINRA, 00000001
09:38:35.919, TRADE NB, IBM, 154.03, 100, NYSE, 00000001
09:38:37.075, TRADE NB, IBM, 154.07, 100, FINRA, 00000001
09:38:38.204, TRADE, IBM, 154.13, 100, FINRA, 20100200
09:38:45.899, TRADE NB, IBM, 154.03, 200, NASDAQ, 00000001
09:38:45.899, TRADE NB, IBM, 154.03, 100, NASDAQ, 00000001
09:38:45.899, TRADE NB, IBM, 154.03, 200, NASDAQ, 00000001
09:38:45.899, TRADE NB, IBM, 154.03, 100, NASDAQ, 00000001
09:38:45.899, TRADE NB, IBM, 154.02, 100, NASDAQ, 20000020
09:38:45.901, TRADE NB, IBM, 154.03, 100, NASDAQ, 00000001
09:38:45.903, TRADE NB, IBM, 153.97, 100, NYSE, 00000001
09:38:45.904, TRADE NB, IBM, 153.97, 100, BATS, 20000020
09:38:45.904, TRADE NB, IBM, 153.96, 100, BATS, 20000020
09:38:45.905, TRADE, IBM, 153.93, 20, BATS, a0000020
09:38:46.046, TRADE NB, IBM, 154.03, 200, FINRA, 00000001
09:38:46.227, TRADE, IBM, 153.91, 54, NASDAQ, a0000020
09:38:46.228, TRADE, IBM, 153.91, 19, NASDAQ, a0000020
09:38:46.576, TRADE NB, IBM, 153.93, 177, FINRA, 00000001
09:38:46.579, TRADE NB, IBM, 153.96, 200, FINRA, 00000001
09:38:46.583, TRADE NB, IBM, 153.96, 129, FINRA, 00000001
09:38:48.239, TRADE, IBM, 153.90, 51, FINRA, 80000000
09:38:48.363, TRADE, IBM, 153.90, 65, EDGX, a0000020
09:38:48.363, TRADE, IBM, 153.90, 35, EDGX, a0000020
09:38:48.379, TRADE, IBM, 153.85, 7, NASDAQ PSX, 80000000
09:38:50.192, TRADE NB, IBM, 153.95, 300, FINRA, 00000001
09:38:52.790, TRADE NB, IBM, 153.94, 100, BATS, 00000001
09:38:52.918, TRADE NB, IBM, 153.91, 100, FINRA, 00000001
09:38:52.925, TRADE NB, IBM, 153.95, 106, FINRA, 00000001
09:38:52.928, TRADE NB, IBM, 153.95, 200, FINRA, 00000001
09:38:52.929, TRADE NB, IBM, 153.95, 100, FINRA, 00000001
09:38:53.416, TRADE NB, IBM, 153.95, 100, BATS, 00000001
09:38:53.416, TRADE, IBM, 153.95, 28, NASDAQ, a0000020
09:38:53.417, TRADE NB, IBM, 153.97, 100, NASDAQ, 20000020
09:38:53.417, TRADE NB, IBM, 153.97, 100, NASDAQ, 20000020
09:38:53.445, TRADE NB, IBM, 154.00, 100, NASDAQ, 00000001
09:38:53.445, TRADE NB, IBM, 154.00, 100, NASDAQ, 20000020
09:38:53.677, TRADE NB, IBM, 154.03, 100, ARCA, 00000001
09:38:53.830, TRADE NB, IBM, 154.04, 100, ARCA, 00000001
09:38:54.719, TRADE NB, IBM, 154.09, 100, ARCA, 00000001
09:38:54.722, TRADE NB, IBM, 154.10, 100, ARCA, 00000001
09:38:55.003, TRADE NB, IBM, 154.12, 200, NASDAQ, 20000020
09:38:55.003, TRADE NB, IBM, 154.12, 300, ARCA, 20000020
09:38:55.013, TRADE NB, IBM, 154.12, 100, FINRA, 00000001
09:38:57.444, TRADE NB, IBM, 154.01, 100, FINRA, 00000001
09:39:06.844, TRADE NB, IBM, 154.18, 100, NASDAQ, 00000001
09:39:06.844, TRADE NB, IBM, 154.18, 100, NASDAQ, 00000001
09:39:06.844, TRADE NB, IBM, 154.18, 100, NASDAQ, 00000001
09:39:06.844, TRADE NB, IBM, 154.18, 100, NASDAQ, 00000001
09:39:06.844, TRADE NB, IBM, 154.19, 100, NASDAQ, 00000001
09:39:06.844, TRADE NB, IBM, 154.19, 500, NASDAQ, 00000001
09:39:06.844, TRADE, IBM, 154.18, 82, BATS, a0000020
09:39:15.839, TRADE NB, IBM, 154.05, 100, NYSE, 00000001
09:39:15.840, TRADE NB, IBM, 154.05, 100, ARCA, 20000020
09:39:15.840, TRADE NB, IBM, 154.06, 100, EDGX, 20000020
09:39:15.840, TRADE NB, IBM, 154.06, 100, BATS Y, 20000020
09:39:15.840, TRADE NB, IBM, 154.06, 100, BATS, 20000020
09:39:15.840, TRADE NB, IBM, 154.06, 100, NASDAQ, 20000020
09:39:15.840, TRADE NB, IBM, 154.06, 100, NASDAQ BX, 20000020
09:39:15.840, TRADE NB, IBM, 154.06, 100, EDGA, 20000020
09:39:15.840, TRADE NB, IBM, 154.05, 100, BATS, 20000020
09:39:15.840, TRADE NB, IBM, 154.05, 100, NASDAQ BX, 20000020
09:39:15.840, TRADE NB, IBM, 154.05, 100, NASDAQ, 20000020
09:39:15.841, TRADE, IBM, 154.04, 6, ARCA, a0000020
09:39:15.841, TRADE, IBM, 154.04, 94, ARCA, a0000020
09:39:15.841, TRADE, IBM, 154.04, 62, ARCA, a0000020
09:39:15.841, TRADE, IBM, 154.04, 38, ARCA, a0000000
09:39:15.841, TRADE NB, IBM, 154.05, 100, FINRA, 00000001
09:39:15.844, TRADE NB, IBM, 154.01, 100, NYSE, 00000001
09:39:15.845, TRADE NB, IBM, 154.01, 100, NASDAQ, 20000020
09:39:15.849, TRADE NB, IBM, 154.01, 100, BATS Y, 20000020
09:39:15.849, TRADE NB, IBM, 154.01, 100, NASDAQ, 20000020
09:39:15.855, TRADE NB, IBM, 154.01, 100, NASDAQ, 00000001
09:39:15.855, TRADE NB, IBM, 154.00, 100, NASDAQ, 20000020
09:39:15.881, TRADE NB, IBM, 153.97, 100, BATS, 00000001
09:39:15.898, TRADE, IBM, 153.95, 10, EDGX, a0000020
09:39:15.898, TRADE NB, IBM, 153.95, 241, NASDAQ, 20000020
09:39:15.898, TRADE, IBM, 153.95, 59, NASDAQ, 80000000
09:39:15.898, TRADE, IBM, 153.95, 41, NASDAQ, a0000020
09:39:15.899, TRADE NB, IBM, 153.94, 100, NASDAQ, 00000001
09:39:15.916, TRADE NB, IBM, 154.01, 100, FINRA, 00000001
09:39:16.011, TRADE NB, IBM, 154.06, 200, FINRA, 00000001
09:39:16.589, TRADE NB, IBM, 153.96, 100, FINRA, 00000001
09:39:27.558, TRADE, IBM, 153.89, 11, FINRA, 80000000
09:39:28.541, TRADE NB, IBM, 153.96, 100, FINRA, 00000001
09:39:31.079, TRADE NB, IBM, 153.96, 155, FINRA, 00000001
09:39:31.975, TRADE NB, IBM, 153.90, 100, FINRA, 00000001
09:39:31.985, TRADE NB, IBM, 153.90, 100, FINRA, 00000001
09:39:34.020, TRADE NB, IBM, 153.90, 100, FINRA, 00000001
09:39:34.047, TRADE NB, IBM, 153.95, 100, FINRA, 00000001
09:39:34.076, TRADE, IBM, 153.95, 40, BATS, 80000000
09:39:34.076, TRADE, IBM, 153.95, 40, BATS, 80000000
09:39:34.077, TRADE, IBM, 153.96, 20, BATS, 80000000
09:39:35.388, TRADE, IBM, 153.96, 2, FINRA, 80000000
09:39:36.063, TRADE NB, IBM, 153.90, 200, FINRA, 00000001
09:39:37.550, TRADE, IBM, 153.90, 17, FINRA, 80000000
09:39:37.771, TRADE, IBM, 153.92, 50, FINRA, 80000000
09:39:38.504, TRADE NB, IBM, 153.90, 100, FINRA, 00000001
09:39:40.534, TRADE, IBM, 153.90, 70, BATS, a0000020
09:39:42.436, TRADE NB, IBM, 153.95, 100, NYSE, 00000001
09:39:42.437, TRADE NB, IBM, 153.96, 100, NYSE, 00000001
09:39:42.437, TRADE NB, IBM, 153.95, 100, ARCA, 20000020
09:39:42.437, TRADE NB, IBM, 153.96, 100, NYSE, 20000020
09:39:42.437, TRADE NB, IBM, 153.96, 100, ARCA, 20000020
09:39:42.477, TRADE NB, IBM, 153.91, 100, ARCA, 20000020
09:39:42.477, TRADE NB, IBM, 153.91, 100, BATS, 20000020
09:39:42.478, TRADE NB, IBM, 153.90, 100, BATS, 20000020
09:39:42.478, TRADE NB, IBM, 153.90, 100, BATS, 20000020
09:39:42.478, TRADE, IBM, 153.90, 12, BATS, a0000020
09:39:42.478, TRADE NB, IBM, 153.91, 100, NASDAQ, 20000020
09:39:42.478, TRADE NB, IBM, 153.90, 100, NASDAQ, 20000020
09:39:42.478, TRADE NB, IBM, 153.90, 100, NASDAQ, 20000020
09:39:42.478, TRADE NB, IBM, 153.90, 100, NASDAQ, 20000020
09:39:42.478, TRADE NB, IBM, 153.90, 100, NASDAQ, 20000020
09:39:42.479, TRADE NB, IBM, 153.89, 100, NASDAQ PSX, 20000020
09:39:42.479, TRADE NB, IBM, 153.90, 100, ARCA, 20000020
09:39:42.479, TRADE NB, IBM, 153.89, 100, ARCA, 20000020
09:39:42.491, TRADE NB, IBM, 153.88, 100, NASDAQ, 00000001
09:39:42.673, TRADE, IBM, 153.91, 45, FINRA, 80000000
09:39:42.699, TRADE NB, IBM, 153.90, 200, FINRA, 00000001
09:39:42.705, TRADE NB, IBM, 153.90, 100, FINRA, 00000001
09:39:43.874, TRADE NB, IBM, 153.90, 200, NYSE, 00000001
09:39:43.874, TRADE NB, IBM, 153.90, 200, ARCA, 00000001
09:39:43.875, TRADE NB, IBM, 153.90, 400, ARCA, 00000001
09:39:43.882, TRADE NB, IBM, 153.90, 300, ARCA, 00000001
09:39:43.882, TRADE NB, IBM, 153.90, 300, ARCA, 20000020
09:39:44.017, TRADE NB, IBM, 153.90, 100, ARCA, 00000001
09:39:44.017, TRADE NB, IBM, 153.90, 100, ARCA, 00000001
09:39:47.585, TRADE NB, IBM, 153.90, 100, ARCA, 00000001
09:39:47.589, TRADE NB, IBM, 153.90, 300, ARCA, 20000020
09:39:47.590, TRADE NB, IBM, 153.90, 200, ARCA, 00000001
09:39:47.590, TRADE NB, IBM, 153.90, 270, ARCA, 20000020
09:39:47.590, TRADE NB, IBM, 153.90, 130, ARCA, 20000020
09:39:47.590, TRADE NB, IBM, 153.90, 243, ARCA, 20000020
09:39:47.592, TRADE NB, IBM, 153.92, 100, ARCA, 20000020
09:39:47.592, TRADE NB, IBM, 153.92, 100, NASDAQ, 00000001
09:39:47.592, TRADE NB, IBM, 153.92, 100, BATS, 00000001
09:39:47.593, TRADE NB, IBM, 153.92, 100, NASDAQ, 00000001
09:39:47.594, TRADE, IBM, 153.93, 10, NASDAQ, 80000000
09:39:47.594, TRADE, IBM, 153.93, 4, NASDAQ, a0000020
09:39:47.594, TRADE, IBM, 153.93, 86, NASDAQ, 80000000
09:39:47.598, TRADE, IBM, 153.92, 56, ARCA, a0000020
09:39:47.601, TRADE, IBM, 153.92, 44, ARCA, 80000000
09:39:48.368, TRADE, IBM, 153.93, 10, BATS, 80000000
09:39:48.692, TRADE NB, IBM, 153.94, 100, ARCA, 00000001
